2136 3698
233 180 388 313 Rerum
415 211 434 269 e
460 180 792 272 Numismatibus.
873 207 955 296 153

102 328 203 409 mins
252 330 523 433 Augustorum,
565 331 611 402 ad
663 334 844 411 Veterum
895 359 953 410 res

100 426 278 528 preclare
319 454 363 505 ac
396 454 481 505 cnm
512 430 651 504 virtute
691 432 804 529 gellus
844 433 955 507 inter·

101 527 328 605 noscendas?
378 531 464 604 Non
516 525 741 602 dillimulabo
788 532 871 605 heic
916 531 954 605 il·

74 625 198 727 ·ulud,
252 627 302 700 tie
363 651 436 724 quo
493 627 663 702 meminit
721 624 953 719 Froelichius‚

98 746 238 820 nempe
272 724 435 802 Paullum
472 724 680 802 Pedruslum
717 749 737 799 e
773 728 957 803 Societate

101 822 241 924 Jsssua
285 848 397 923 quum
445 827 581 902 Parma
620 847 753 901 numos
800 826 956 900 Veteres

51 946 55 955 ’
102 924 241 998 ibidem
282 926 320 998 in
358 943 446 1024 gaza
496 922 701 998 adservatos
746 921 957 1022 explanaret

102 1021 232 1098 Nobili
271 1022 484 1120 Juventuti,
523 1044 603 1119 quae
650 1019 760 1095 Mufis
806 1044 957 1120 operam

102 1120 247 1213 dabat,
288 1123 361 1196 hoc
402 1119 516 1196 veluti
561 1118 799 1199 instrumento
844 1119 957 1196 tacita
1005 1168 1011 1177 a

68 1219 264 1315 'quatiam
302 1239 380 1294 erte
425 1221 525 1294 usum
570 1219 697 1311 fuisse,
746 1241 788 1294 ut
827 1236 958 1296 eornm

103 1323 247 1398 animos
286 1320 331 1389 ad
349 1319 513 1392 ³virtutis
549 1317 729 1408 studium,
779 1320 816 1397 ἃ
857 1342 958 1419 egre·

78 1421 252 1521 ‘giorum
290 1415 493 1493 facinorum
538 1415 779 1493 imitationem
822 1422 957 1494 excita·

105 1537 175 1595 ret.
228 1517 370 1612 Qum
397 1536 521 1591 autem
546 1517 583 1588 in
609 1540 648 1590 re
673 1516 735 1589 isla
759 1512 957 1614 plurimum

105 1615 248 1713 negotii
279 1613 447 1690 facessere
481 1612 591 1688 soleat
623 1614 836 1703 literarum,
878 1640 958 1714 quae

106 1715 326 1789 abbreviata
368 1711 547 1812 perpetuo
592 1715 629 1786 in
678 1715 957 1790 numismatibus

103 1813 201 1889 sese
243 1810 432 1898 offerunt,
457 1810 565 1885 leilio
590 1813 625 1886 &
652 1815 839 1912 cognitio,
874 1838 959 1886 con·

107 1911 240 1989 fultum
280 1909 360 1981 fore
399 1907 618 1992 existimavi,
660 1910 682 1978 fi
719 1934 764 1982 ex
796 1910 960 2001 ejusdem

107 2010 247 2085 Erasmi
274 2005 457 2085 Froelichii
484 1999 520 2077 82
543 2005 575 2103 J.
604 2006 748 2078 erudito
774 2005 809 2077 in
837 2007 961 2103 paucis

106 2108 232 2183 libello
258 2103 298 2180 de
340 2103 516 2179 Utilitate
548 2103 618 2176 Rei
645 2104 832 2180 Numerio
860 2105 961 2180 Vete-

109 2211 164 2283 ris
188 2204 344 2298 adjeilas
368 2198 414 2277 ad
439 2202 577 2279 calcem
606 2202 723 2276 Notas'
748 2202 962 2306 compendio-

110 2310 188 2380 rias
212 2307 252 2379 in
277 2302 407 2377 latinis
433 2301 550 2378 numia
574 2318 798 2381 occurrentes
822 2307 867 2377 ad
893 2306 960 2378 hu·

108 2396 166 2502 jos
194 2425 344 2503 quoque
371 2402 449 2475 libri
478 2397 587 2473 finem
615 2405 859 2498 adponerent,
886 2404 962 2503 plu·

110 2507 246 2580 timum
271 2500 361 2576 lucis
388 2501 424 2575 &
451 2497 632 2575 facilitatis
656 2498 838 2603 allaturas.
