2130 3706
131 198 233 288 ‘134
264 108 354 287 Cup,
385 171 460 260 IV.
515 167 684 282 Insorm.
703 173 748 256 de
751 165 979 298 scribendo,-

146 324 251 396 chior
270 321 413 409 Canus,
442 321 607 394 acerrimi
628 321 696 393 Vir
715 320 844 415 judicii
867 320 929 412 (e)
954 316 1002 392 se·

49 448 51 456 ⁸
146 418 301 509 ouentes
326 421 456 508 tradit,
490 419 618 515 quibus
643 442 791 493 veraces
820 442 840 491 a
869 417 1002 517 fallaci·

147 521 215 593 bus
243 518 547 605 internoscantur:
593 517 740 600 Prima,
767 539 849 616 quae
871 540 915 590 ex
938 517 1002 590 hor

147 620 289 692 minum
325 619 507 714 probitate
539 620 823 716 integritateque
857 613 1003 710 scripto·

12 782 15 787 ,
60 729 86 813 γ’
147 740 230 791 rum
263 713 442 804 sumitur,
478 717 514 788 ἃ
541 714 663 792 locum
687 716 817 797 habet,
851 713 1001 811 quando

148 838 229 912 quae
253 835 425 898 narrant,
458 811 518 888 vei
544 815 603 912 ipst
628 816 661 890 i'e
685 810 833 899 vidisse,
866 809 925 886 vel
953 811 1001 884 ab
1022 883 1026 892 ,

115 998 116 1001 Ἴ
148 911 250 1001 eliis,
276 915 339 1012 qui
352 914 539 1001 viderint,
566 913 600 987 se
620 911 794 1011 accepiffe
814 909 1002 985 testantur.

147 1011 207 1087 Est
232 1014 328 1085 enim
354 1034 498 1082 morum
528 1015 713 1108 integritas
733 1011 837 1085 velut
852 1007 1027 1106 sigillum'

146 1111 334 1193 veritatis,
363 1108 550 1199 ejusmodi·
568 1111 834 1183 narrationibus
860 1105 1005 1206 impres·
1039 1160 1040 1163 ,

60 1278 62 1287 ,
148 1207 240 1281 sum:
279 1203 467 1293 Secunda,
506 1206 551 1280 de
585 1201 766 1304 probitate
798 1228 887 1282 vero
923 1203 1005 1280 satis

65 1309 68 1316 '
148 1303 311 1381 constare
341 1305 558 1379 centendunt
588 1305 659 1393 est,
686 1330 759 1380 non
784 1304 933 1403 quidem
958 1325 1007 1378 ex

148 1422 255 1478 cerate
275 1401 486 1500 scriptorum
510 1401 763 1490 rer'notissima,
790 1401 1005 1496 (nonenim

149 1499 279 1579 sufficit
306 1502 488 1576 vetustum
515 1502 584 1577 eise
610 1500 820 1589 notiorem,
844 1499 907 1598 qui
931 1501 1007 1572 boc

48 1689 50 1695 ¹
148 1599 319 1677 velillud
348 1603 494 1697 tradet)
531 1603 589 1676 sed
619 1599 805 1689 exfama,
834 1599 1003 1698 &gravi
1048 1670 1052 1685 ,

149 1719 261 1796 atque
295 1698 476 1798 frequenti
508 1704 774 1796 praeteritorum
810 1700 1005 1772 hominum
1053 1722 1056 1729 ·

150 1797 369 1873 testimonio.
417 1802 508 1873 Sunt
535 1801 640 1871 enim
659 1821 705 1872 ex
736 1796 895 1896 profanis
927 1795 1008 1884 scti-

147 1900 316 1996 ptoribus
342 1920 415 1972 non
447 1901 572 1995 pauci,
608 1909 766 1996 quorum
800 1896 1008 1994 ingenuitas

149 1997 190 2081 ¹bt
212 2000 431 2079 verecundia
452 1995 616 2071 sermone
638 1996 828 2083 bominum
851 1992 1009 2068 cel'ebra·

37 2188 39 2193 Ι
77 2110 81 2115 ’
150 2110 189 2166 ta
205 2093 272 2180 est,
299 2114 341 2167 ut
367 2120 477 2169 nemo
498 2096 578 2170 illos
601 2095 618 2194 (
632 2095 718 2170 iicet
732 2113 775 2168 ut
792 2093 944 2192 gentiles
968 2092 1009 2163 in
1037 2178 1038 2182 Ἰ

102 2192 108 2206 ’
146 2189 275 2263 multis
302 2199 532 2288 erraverint)
558 2199 594 2267 in
616 2193 787 2293 fingendo
818 2188 1009 2289 impuden-

150 2304 207 2360 tes
231 2287 451 2360 existimarit.
501 2290 607 2365 Tales
635 2292 715 2364 sunt
738 2291 878 2376 Caesar,
899 2285 1009 2362 Vale·

118 2378 124 2397 ⁸
150 2386 225 2459 rius
241 2385 440 2470 Maximus,
462 2385 603 2472 Varro,
622 2388 768 2471 Livius,
786 2388 1011 2461 Halicarnas·

151 2482 249 2570 sens,
279 2482 470 2580 Polybius,
497 2484 630 2556 Lucius
641 2482 784 2570 Florus,
811 2482 1024 2560 Cornelius

89 2646 93 2667 ,
152 2581 345 2678 Nepos&
375 2579 444 2653 alii.
503 2579 660 2670 Tertia,
693 2585 893 2656 maximum
920 2606 1027 2681 pou·v

152 2681 220 2754 dus
261 2680 371 2752 habet
403 2680 505 2753 vitae.
525 2679 688 2755 saniit'tas
725 2680 784 2782 vei
820 2681 1009 2779 explorata

150 2779 337 2879 probitas,
365 2801 443 2876 quae
470 2781 505 2851 in
533 2780 631 2853 Viris
657 2778 815 2871 maxime
840 2779 1010 2856 Ecclefia-

152 2878 249 2954 stict's
275 2876 420 2967 elucet,
448 2878 484 2952 ἃ
513 2901 642 2953 eorum
668 2879 804 2977 scriptis
829 2875 1010 2974 dibiisque

152 2975 409 3051 autioritatenr
457 2974 656 3064 conciliat,
702 2998 835 3078 utpote
875 2977 1009 3075 quibus

153 3073 295 3179 nullum
319 3098 403 3147 cum
429 3076 621 3153 mendacio
647 3076 917 3247 commerciums
932 3072 1008 3249 leffe

188 3192 190 3197 ’
908 3191 1011 3266 oet,

128 3231 133 3236 ’
163 3339 169 3355 .
194 3281 249 3370 (e)
272 3272 345 3352 atr.
363 3303 415 3349 11.
437 3240 464 3352 ci
481 3282 539 3379 o„
