2136 3698
382 164 606 285 ·-·Hifloriae.
873 187 957 273 181

101 313 335 403 reidernurn,
370 312 869 417 uodpeffimuur,extuulitir.
896 323 964 405 De,

102 415 285 516 prioribus
309 334 566 503 briotreorum
591 416 689 491 vitiis
709 416 791 495 satis
816 418 957 499 disiuru

102 514 151 591 esi
179 512 293 591 olibi:
329 514 535 589 monendus
568 533 693 589 tamen
726 516 958 595 historiarum

100 612 215 691 lestor
229 612 276 687 de
296 613 461 701 duobus,
514 614 551 687 ui
567 610 779 711 frequenter
794 616 878 693 heic
895 640 961 693 oe·.

99 730 278 801 curruntt
301 710 466 811 scopulis.
532 708 645 787 rimus
670 710 721 787 est
741 714 852 789 nimir
866 728 979 815 quo·

98 811 459 889 tundam-credendi
488 809 673 898 facilitas,
698 808 792 891 ulter
816 814 965 909 quievit.

98 911 136 987 in
174 909 329 983 dubium
368 910 526 985 vocandi
566 932 682 1008 prava
719 904 958 985 consuetudo.

100 1004 180 1111 Qri
208 1006 310 1085 nullo
341 1008 505 1091 adhibito
539 1007 708 1087 examine
740 1004 959 1107 scriptorum

98 1126 344 1185 monumenta
368 1106 471 1181 velut
500 1104 648 1181 oracula
673 1106 886 1207 excipiunt,
921 1104 969 1193 &-

98 1204 235 1285 fnbulae
265 1225 330 1279 rut
360 1205 540 1281 mendacii
567 1206 801 1306 suspicionem
828 1208 866 1279 in
893 1227 967 1285 eon

99 1307 237 1383 cadere
262 1328 337 1379 uon
361 1302 461 1403 posse
485 1304 725 1393 arbitrantur,
756 1305 967 1385 venemens-2

97 1402 219 1495 ter-se
244 1402 452 1501 decipiunt,
480 1403 517 1477 &
542 1398 755 1503 graviffirnis
779 1404 876 1478 circa
900 1426 966 1489 vo,

99 1505 254 1583 ritatem
288 1502 472 1577 erroribus
496 1502 676 1579 obnoxios
710 1501 745 1577 se
772 1502 935 1577 reddunt
947 1527 967 1585 r,

100 1603 171 1707 qui
202 1623 295 1675 vero
322 1600 481 1695 cujusvis
510 1594 636 1699 passirn
666 1598 824 1675 historici
849 1599 963 1676 fidem

99 1702 139 1785 in
165 1698 322 1773 dubium
347 1719 502 1787 vocant,
528 1699 565 1773 ἃ
592 1698 691 1773 hun'c
714 1697 774 1797 spe
800 1719 863 1773 aut
889 1722 964 1775 tne-

100 1819 170 1891 tu,
198 1797 299 1875 illurn
326 1799 479 1896 propriae
504 1798 624 1898 gentis
646 1820 773 1873 amore
787 1848 799 1887 ‚
837 1797 967 1875 aliena.

101 1921 198 1979 vero
224 1896 362 1971 invidia
377 1894 621 1971 transversum
635 1896 693 1992 agi
709 1897 978 1985 criminentur„

96 1998 143 2073 -hi
170 1993 278 2069 vele
303 1994 499 2091 Pyrrhonis
524 1991 619 2067 serta
646 1992 747 2079 sunt,
762 2012 966 2093 eorumque

103 2114 250 2181 temere
267 2112 489 2187 conceptum
515 2092 562 2163 dt
582 2090 659 2167 aliis
676 2090 853 2184 iudicium
867 2113 967 2173 amo·

104 2196 157 2275 rie
192 2192 328 2292 proprii
369 2188 494 2265 infelix
531 2211 654 2288 partus
694 2187 756 2265 est.
831 2192 965 2291 Neque

103 2292 224 2369 'etiam
255 2290 433 2365 continuo
466 2288 663 2383 rejicienda
695 2288 778 2363 sunt
815 2288 875 2365 vel
907 2314 966 2366 ex·

108 2388 315 2493 plodenda‚
346 2411 427 2487 quoe
456 2390 547 2465 rnira
572 2407 719 2463 narrant
749 2384 967 2486 scriptores,

108 2507 176 2565 aut
193 2484 333 2562 fabellis
356 2488 599 2576 accensenda,
626 2508 706 2587 quae
724 2487 880 2586 prodigii
894 2487 967 2586 spe»

110 2588 206 2665 ciem
233 2585 419 2685 quandam
451 2584 656 2759 fraeseferre
688 2586 889 2675 videntur,
927 2584 971 2661 id

135 2684 214 2763 uod
239 2686 389 2782 optime
405 2709 450 2759 an
466 2687 662 2759 madvertit
679 2681 888 2760 Poisevinus
904 2706 969 2759 no·

109 2712 210 2874 aer,
249 2783 393 2857 maximi
424 2782 522 2882 apud
554 2806 682 2856 omnes
713 2784 871 2867 nominis
896 2790 969 2869 Arr-¹

111 2882 210 2971 fior,
228 2881 451 2977 experientia
461 2877 608 2965 dorius,
628 2878 815 2953 &suonos
831 2880 970 2955 docens

112 2978 286 3083 exemplo
299 3003 311 3054 r
323 2977 531 3076 Adolescens
543 2977 666 3077 inquit
683 2978 766 3077 (p),
786 2979 826 3052 in
845 2974 971 3151 Giglin

918 3083 971 3153 lai

152 3176 223 3266 (p)
245 3175 332 3247 Seri.
346 3196 382 3248 2.
400 3167 436 3241 de
452 3170 583 3352 HistorM

187 3288 201 3303 κ
608 3296 631 3375 3
