2136 3698
228 141 232 148 U
354 175 421 282 ὓ*
448 185 672 303 progreffio.
886 206 943 301 ης
1039 122 1042 127 ⁵

98 340 140 415 in
173 324 256 412 orae
288 331 446 410 infernas
485 335 686 409 amandata
718 332 853 411 fuerint
884 362 948 435 po·

101 435 169 511 fito
194 433 290 509 iuter
314 432 398 509 illas
427 431 670 509 firmamento.
739 433 863 509 Tertia
888 438 947 513 die

100 530 318 620 monstrat,
379 554 452 631 qua
502 535 643 606 ratione
696 531 798 604 Deus
848 535 950 610 tellu·
1003 576 1006 582 ·

102 654 182 729 retu
228 631 360 729 partim
407 627 443 705 in
480 650 625 705 montes
671 629 709 704 δι
745 627 857 704 colles
895 656 952 710 ex·

103 728 249 818 tulerit,
276 729 406 828 partim
430 730 468 802 in
491 728 604 803 valles
631 725 867 804 &cavernas
894 732 954 805 d‘e·

103 824 268 930 presserit
292 853 304 900 a
349 828 446 903 unde
471 824 636 916 fanium,
670 844 714 900 ut
736 848 837 924 aqua
871 827 958 903 infe-

83 930 223 1004 riores
266 925 422 1000 terrestri
460 925 571 1025 globo
607 924 727 1000 adhue
765 925 965 1000 circumfu-

107 1024 153 1100 ste'
178 1022 282 1099 velut
306 1019 392 1100 dato
426 1024 522 1124 igno
549 1046 634 1098 eum
660 1025 896 1194 occuparint„
919 1023 959 1101 δι
1039 1115 1041 1120 .

108 1124 159 1211 ibi
177 1124 215 1213 in
234 1124 344 1197 maria
369 1122 415 1205 διΧ
429 1121 548 1210 lacus,
582 1120 666 1196 alibi
688 1123 724 1196 in
774 1130 899 1196 nmina
921 1123 960 1198 ὅ(

111 1220 233 1299 fontes
259 1222 293 1295 se
319 1219 555 1309 diffuderint,
581 1244 726 1317 unaque
752 1231 835 1297 curn
861 1241 960 1296 terra

137 1320 282 1408 Iubam,
315 1344 424 1417 quem
448 1333 672 1425 terraqueum
691 1342 884 1409 vocamus,
910 1317 962 1395 ef·

86 1344 276 1493 ¹Pec‘erint.
310 1419 443 1494 Eadem
461 1421 520 1494 die
543 1444 656 1518 quum
678 1437 774 1494 tetra
796 1421 896 1517 prius
914 1416 962 1494 es·

112 1516 166 1592 set
186 1518 301 1592 inanis
327 1518 364 1593 ἃ
382 1541 523 1605 vacua,
557 1541 655 1591 nunc
682 1518 753 1591 Dei
769 1516 867 1611 juffu
888 1542 965 1616 gra·

111 1615 238 1693 vidam
269 1614 510 1708 multiplicem
545 1615 769 1702 herbarum,
807 1611 962 1705 florum,

113 1715 299 1795 arborum,
325 1707 505 1783 frueiuum
526 1709 683 1784 sobolem
701 1734 722 1785 e
741 1711 815 1785 finu
830 1713 891 1787 suo
906 1736 967 1813 ge-

117 1805 231 1883 nuiffe
251 1828 530 1882 commemorat.
579 1812 687 1882 Diem
709 1829 874 1907 quartam
898 1814 966 1884 im·

92 1971 99 1981 .
116 1907 248 2009 pendit
270 1905 443 1981 astrorum
463 1918 576 2005 regno
592 1903 864 1997 constituendo,
890 1933 969 1981 nar·

117 2024 248 2102 ratque
264 2005 434 2080 Numinis
455 2027 564 2078 manu
594 2003 751 2102 suspensa
778 2003 879 2079 fuisse
897 2007 971 2079 dno

118 2105 316 2183 luminaria
338 2099 451 2198 majus
468 2103 514 2180 θ’
528 2106 646 2178 minus
653 2153 665 2193 ,
692 2128 825 2203 nempe
845 2103 969 2193 solem,

71 2256 91 2302 s
148 2206 183 2277 ui
207 2206 296 2292 diei,
331 2203 530 2292 ieiunam,
562 2226 639 2298 quar
669 2200 764 2276 ηοᾶἰ
792 2203 974 2302 praelier,

121 2229 374 2401 ggnarentque
391 2321 569 2399 tempora,
593 2302 670 2378 dies
687 2300 869 2387 &annon
886 2326 972 2376 cum

125 2403 324 2477 errantium
339 2400 376 2474 ἂ
391 2397 546 2495 fixorum
564 2399 715 2471 fiderum
733 2402 846 2473 choro
861 2398 974 2500 splen-

125 2495 315 2574 didiffimo.
366 2499 405 2572 ln
431 2521 544 2596 opere
568 2499 638 2572 diei
657 2500 794 2596 quintae
815 2522 857 2571 ac
875 2498 981 2574 sextae

125 2600 258 2683 docet,
283 2598 470 2695 quomodo
497 2596 623 2696 grandi
648 2598 737 2670 huic
757 2595 906 2673 aeoificio
929 2600 978 2672 de

125 2695 256 2771 incolis
297 2694 522 2794 prosperatio
568 2699 836 2794 omnipotentia
884 2696 978 2772 Dei:

128 2815 263 2890 nempe
298 2816 451 2893 corpora
487 2797 618 2891 partim
647 2818 693 2868 ex
721 2796 822 2889 aquis
848 2797 981 2890 partim

96 2896 100 2901 '
130 2916 154 2967 e
177 2891 370 2987 vaporibus
389 2894 425 2966 in
444 2914 527 2965 aera
549 2892 713 2981 sublatis,
741 2893 907 2964 admenia
926 2916 984 2964 re·

130 2989 314 3084 liquorum
340 2990 607 3064 elementorum
634 2993 803 3089 portione
828 2991 1005 3064 formata

131 3088 331 3174 animavit,
369 3089 405 3162 ὅ(
430 3088 602 3162 undosam
630 3087 805 3185 piscibus,
841 3112 984 3162 aeream

134 3183 261 3265 avibus
307 3203 498 3288 tegre-nem
543 3188 774 3263 habitandam
815 3187 986 3261 tradidita

550 3288 576 3360 B
604 3308 626 3383 5
885 3284 986 3363 fimili
