<?xml version="1.0" encoding="UTF-8"?>
<!DOCTYPE html PUBLIC "-//W3C//DTD XHTML 1.0 Transitional//EN"
    "http://www.w3.org/TR/xhtml1/DTD/xhtml1-transitional.dtd">
<html xmlns="http://www.w3.org/1999/xhtml" xml:lang="en" lang="en">
 <head>
  <title>
</title>
<meta http-equiv="Content-Type" content="text/html;charset=utf-8" />
  <meta name='ocr-system' content='tesseract 3.04.00' />
  <meta name='ocr-capabilities' content='ocr_page ocr_carea ocr_par ocr_line ocrx_word'/>
</head>
<body>
  <div class='ocr_page' id='page_1' title='image "./bibliothecadome01manngoog_0133.png"; bbox 0 0 2136 3698; ppageno 0'>
   <div class='ocr_carea' id='block_1_1' title="bbox 126 164 846 305">
    <p class='ocr_par' dir='ltr' id='par_1_1' title="bbox 126 164 846 305">
     <span class='ocr_line' id='line_1_1' title="bbox 126 164 846 305; baseline -0.004 -42"><span class='ocrx_word' id='word_1_1' title='bbox 126 164 232 305; x_wconf 66' lang='lat' dir='ltr'>&#39;ua</span> <span class='ocrx_word' id='word_1_2' title='bbox 362 169 454 286; x_wconf 80' lang='lat' dir='ltr'>Cup.</span> <span class='ocrx_word' id='word_1_3' title='bbox 484 170 560 257; x_wconf 72' lang='grc' dir='ltr'><strong><em>ΙΙΙ.</em></strong></span> <span class='ocrx_word' id='word_1_4' title='bbox 602 171 846 277; x_wconf 72' lang='lat' dir='ltr'>,oeconomia</span> 
     </span>
    </p>
   </div>
   <div class='ocr_carea' id='block_1_2' title="bbox 106 416 1048 1798">
    <p class='ocr_par' dir='ltr' id='par_1_2' title="bbox 106 416 1048 1798">
     <span class='ocr_line' id='line_1_2' title="bbox 193 416 997 519; baseline 0.002 -24"><span class='ocrx_word' id='word_1_5' title='bbox 193 422 356 519; x_wconf 82' lang='lat' dir='ltr'>Demum</span> <span class='ocrx_word' id='word_1_6' title='bbox 381 420 501 493; x_wconf 76' lang='lat' dir='ltr'>animi</span> <span class='ocrx_word' id='word_1_7' title='bbox 513 416 742 512; x_wconf 68' lang='lat' dir='ltr'>„udfidiiones</span> <span class='ocrx_word' id='word_1_8' title='bbox 776 416 997 508; x_wconf 75' lang='lat' dir='ltr'>intermixtae</span> 
     </span>
     <span class='ocr_line' id='line_1_3' title="bbox 106 516 1000 619; baseline 0 -25"><span class='ocrx_word' id='word_1_9' title='bbox 106 586 114 594; x_wconf 76' lang='grc'>,</span> <span class='ocrx_word' id='word_1_10' title='bbox 145 522 328 619; x_wconf 80' lang='lat' dir='ltr'>egregiam</span> <span class='ocrx_word' id='word_1_11' title='bbox 346 516 497 594; x_wconf 81' lang='lat' dir='ltr'>historiae</span> <span class='ocrx_word' id='word_1_12' title='bbox 511 517 666 605; x_wconf 86' lang='lat' dir='ltr'>formam</span> <span class='ocrx_word' id='word_1_13' title='bbox 680 516 864 619; x_wconf 71' lang='lat' dir='ltr'>adferunt,</span> <span class='ocrx_word' id='word_1_14' title='bbox 892 520 1000 618; x_wconf 85' lang='lat' dir='ltr'>Equi·</span> 
     </span>
     <span class='ocr_line' id='line_1_4' title="bbox 145 616 999 715; baseline 0.002 -23"><span class='ocrx_word' id='word_1_15' title='bbox 145 621 230 693; x_wconf 88' lang='lat' dir='ltr'>dem</span> <span class='ocrx_word' id='word_1_16' title='bbox 256 640 330 699; x_wconf 83' lang='lat' dir='ltr'>non</span> <span class='ocrx_word' id='word_1_17' title='bbox 345 617 394 690; x_wconf 88' lang='lat' dir='ltr'>ita</span> <span class='ocrx_word' id='word_1_18' title='bbox 408 616 663 707; x_wconf 76' lang='lat' dir='ltr'>dominantur,</span> <span class='ocrx_word' id='word_1_19' title='bbox 688 636 865 715; x_wconf 89' lang='lat' dir='ltr'>tantoque</span> <span class='ocrx_word' id='word_1_20' title='bbox 876 618 999 694; x_wconf 85' lang='lat' dir='ltr'>calore</span> 
     </span>
     <span class='ocr_line' id='line_1_5' title="bbox 145 714 999 818; baseline 0 -27"><span class='ocrx_word' id='word_1_21' title='bbox 145 733 391 818; x_wconf 87' lang='lat' dir='ltr'>prorumpunt</span> <span class='ocrx_word' id='word_1_22' title='bbox 417 721 456 789; x_wconf 89' lang='lat' dir='ltr'>iu</span> <span class='ocrx_word' id='word_1_23' title='bbox 472 714 634 805; x_wconf 84' lang='lat' dir='ltr'>historia,</span> <span class='ocrx_word' id='word_1_24' title='bbox 668 716 757 793; x_wconf 81' lang='lat' dir='ltr'>ficut</span> <span class='ocrx_word' id='word_1_25' title='bbox 775 717 812 792; x_wconf 90' lang='lat' dir='ltr'>in</span> <span class='ocrx_word' id='word_1_26' title='bbox 830 716 999 807; x_wconf 81' lang='lat' dir='ltr'>theatro,</span> 
     </span>
     <span class='ocr_line' id='line_1_6' title="bbox 145 813 1000 987; baseline -0.001 -95"><span class='ocrx_word' id='word_1_27' title='bbox 145 819 184 892; x_wconf 92' lang='lat' dir='ltr'>in</span> <span class='ocrx_word' id='word_1_28' title='bbox 201 839 274 914; x_wconf 89' lang='lat' dir='ltr'>quo</span> <span class='ocrx_word' id='word_1_29' title='bbox 292 815 474 987; x_wconf 57' lang='grc' dir='ltr'>ρ’τςὲξτίαιη</span> <span class='ocrx_word' id='word_1_30' title='bbox 493 813 552 889; x_wconf 80' lang='lat' dir='ltr'>sibi</span> <span class='ocrx_word' id='word_1_31' title='bbox 573 815 692 891; x_wconf 86' lang='lat' dir='ltr'>sedem</span> <span class='ocrx_word' id='word_1_32' title='bbox 709 815 922 892; x_wconf 79' lang='lat' dir='ltr'>vendicant:</span> <span class='ocrx_word' id='word_1_33' title='bbox 947 815 1000 891; x_wconf 85' lang='lat' dir='ltr'>ibi</span> 
     </span>
     <span class='ocr_line' id='line_1_7' title="bbox 146 910 1006 1003; baseline -0.008 -13"><span class='ocrx_word' id='word_1_34' title='bbox 146 916 243 991; x_wconf 92' lang='lat' dir='ltr'>enim</span> <span class='ocrx_word' id='word_1_35' title='bbox 269 912 338 987; x_wconf 86' lang='lat' dir='ltr'>affe</span> <span class='ocrx_word' id='word_1_36' title='bbox 377 936 417 986; x_wconf 90' lang='lat' dir='ltr'>us</span> <span class='ocrx_word' id='word_1_37' title='bbox 441 910 641 1003; x_wconf 84' lang='lat' dir='ltr'>luduntur,</span> <span class='ocrx_word' id='word_1_38' title='bbox 680 917 763 992; x_wconf 92' lang='lat' dir='ltr'>heic</span> <span class='ocrx_word' id='word_1_39' title='bbox 795 932 1006 990; x_wconf 81' lang='lat' dir='ltr'>narrantur..</span> 
     </span>
     <span class='ocr_line' id='line_1_8' title="bbox 144 1012 1001 1109; baseline -0.001 -20"><span class='ocrx_word' id='word_1_40' title='bbox 144 1012 393 1089; x_wconf 79' lang='lat' dir='ltr'>Nihilominus</span> <span class='ocrx_word' id='word_1_41' title='bbox 418 1013 522 1083; x_wconf 86' lang='lat' dir='ltr'>novit</span> <span class='ocrx_word' id='word_1_42' title='bbox 550 1033 722 1109; x_wconf 86' lang='lat' dir='ltr'>expertus</span> <span class='ocrx_word' id='word_1_43' title='bbox 744 1012 898 1089; x_wconf 81' lang='lat' dir='ltr'>historiae</span> <span class='ocrx_word' id='word_1_44' title='bbox 922 1012 1001 1099; x_wconf 86' lang='lat' dir='ltr'>scri·¹</span> 
     </span>
     <span class='ocr_line' id='line_1_9' title="bbox 145 1105 1002 1210; baseline 0.004 -26"><span class='ocrx_word' id='word_1_45' title='bbox 145 1135 231 1210; x_wconf 80' lang='lat' dir='ltr'>ptos</span> <span class='ocrx_word' id='word_1_46' title='bbox 254 1133 318 1207; x_wconf 87' lang='lat' dir='ltr'>pet</span> <span class='ocrx_word' id='word_1_47' title='bbox 340 1105 504 1180; x_wconf 85' lang='lat' dir='ltr'>occultas</span> <span class='ocrx_word' id='word_1_48' title='bbox 528 1108 606 1181; x_wconf 87' lang='lat' dir='ltr'>vias</span> <span class='ocrx_word' id='word_1_49' title='bbox 629 1110 668 1182; x_wconf 76' lang='lat' dir='ltr'>dc</span> <span class='ocrx_word' id='word_1_50' title='bbox 691 1113 898 1200; x_wconf 85' lang='lat' dir='ltr'>machinas,</span> <span class='ocrx_word' id='word_1_51' title='bbox 924 1134 1002 1187; x_wconf 87' lang='lat' dir='ltr'>ma·</span> 
     </span>
     <span class='ocr_line' id='line_1_10' title="bbox 144 1203 1000 1298; baseline -0.001 -14"><span class='ocrx_word' id='word_1_52' title='bbox 144 1211 243 1284; x_wconf 77' lang='lat' dir='ltr'>xime</span> <span class='ocrx_word' id='word_1_53' title='bbox 267 1205 445 1279; x_wconf 84' lang='lat' dir='ltr'>narrando</span> <span class='ocrx_word' id='word_1_54' title='bbox 470 1203 606 1280; x_wconf 82' lang='lat' dir='ltr'>cauffas</span> <span class='ocrx_word' id='word_1_55' title='bbox 630 1206 669 1281; x_wconf 78' lang='lat' dir='ltr'>dc</span> <span class='ocrx_word' id='word_1_56' title='bbox 689 1207 1000 1298; x_wconf 86' lang='lat' dir='ltr'>circumstantias,</span> 
     </span>
     <span class='ocr_line' id='line_1_11' title="bbox 145 1300 1000 1401; baseline 0.001 -21"><span class='ocrx_word' id='word_1_57' title='bbox 145 1301 266 1380; x_wconf 87' lang='lat' dir='ltr'>varios</span> <span class='ocrx_word' id='word_1_58' title='bbox 285 1303 322 1376; x_wconf 90' lang='lat' dir='ltr'>in</span> <span class='ocrx_word' id='word_1_59' title='bbox 338 1300 493 1401; x_wconf 85' lang='lat' dir='ltr'>legentis</span> <span class='ocrx_word' id='word_1_60' title='bbox 508 1302 631 1380; x_wconf 88' lang='lat' dir='ltr'>animo</span> <span class='ocrx_word' id='word_1_61' title='bbox 649 1303 799 1379; x_wconf 70' lang='lat' dir='ltr'>affedius</span> <span class='ocrx_word' id='word_1_62' title='bbox 819 1307 1000 1397; x_wconf 82' lang='lat' dir='ltr'>excitare,</span> 
     </span>
     <span class='ocr_line' id='line_1_12' title="bbox 145 1402 1048 1503; baseline 0.002 -24"><span class='ocrx_word' id='word_1_63' title='bbox 145 1427 245 1479; x_wconf 91' lang='lat' dir='ltr'>nunc</span> <span class='ocrx_word' id='word_1_64' title='bbox 262 1422 499 1475; x_wconf 87' lang='lat' dir='ltr'>commovere</span> <span class='ocrx_word' id='word_1_65' title='bbox 517 1403 564 1475; x_wconf 90' lang='lat' dir='ltr'>ad</span> <span class='ocrx_word' id='word_1_66' title='bbox 581 1402 884 1503; x_wconf 77' lang='lat' dir='ltr'>indignationem,</span> <span class='ocrx_word' id='word_1_67' title='bbox 900 1427 1000 1481; x_wconf 88' lang='lat' dir='ltr'>nuuc</span> <span class='ocrx_word' id='word_1_68' title='bbox 1044 1449 1048 1455; x_wconf 93' lang='lat'>·</span> 
     </span>
     <span class='ocr_line' id='line_1_13' title="bbox 145 1497 1001 1601; baseline 0 -25"><span class='ocrx_word' id='word_1_69' title='bbox 145 1500 294 1576; x_wconf 71' lang='lat' dir='ltr'>dedere</span> <span class='ocrx_word' id='word_1_70' title='bbox 325 1499 371 1571; x_wconf 88' lang='lat' dir='ltr'>ad</span> <span class='ocrx_word' id='word_1_71' title='bbox 397 1497 687 1590; x_wconf 84' lang='lat' dir='ltr'>miserationem,</span> <span class='ocrx_word' id='word_1_72' title='bbox 722 1503 836 1577; x_wconf 87' lang='lat' dir='ltr'>modo</span> <span class='ocrx_word' id='word_1_73' title='bbox 862 1503 1001 1601; x_wconf 85' lang='lat' dir='ltr'>cupidi·</span> 
     </span>
     <span class='ocr_line' id='line_1_14' title="bbox 110 1597 1001 1697; baseline 0.001 -22"><span class='ocrx_word' id='word_1_74' title='bbox 110 1687 113 1692; x_wconf 64' lang='lat'>,</span> <span class='ocrx_word' id='word_1_75' title='bbox 145 1621 262 1675; x_wconf 87' lang='lat' dir='ltr'>tatem</span> <span class='ocrx_word' id='word_1_76' title='bbox 293 1597 520 1688; x_wconf 83' lang='lat' dir='ltr'>accendere,</span> <span class='ocrx_word' id='word_1_77' title='bbox 563 1601 677 1674; x_wconf 86' lang='lat' dir='ltr'>modo</span> <span class='ocrx_word' id='word_1_78' title='bbox 702 1600 875 1697; x_wconf 76' lang='lat' dir='ltr'>inspirare</span> <span class='ocrx_word' id='word_1_79' title='bbox 901 1622 1001 1695; x_wconf 80' lang='lat' dir='ltr'>amo·</span> 
     </span>
     <span class='ocr_line' id='line_1_15' title="bbox 145 1696 999 1798; baseline 0.005 -26"><span class='ocrx_word' id='word_1_80' title='bbox 145 1723 243 1781; x_wconf 90' lang='lat' dir='ltr'>rem,</span> <span class='ocrx_word' id='word_1_81' title='bbox 262 1697 374 1789; x_wconf 89' lang='lat' dir='ltr'>modo</span> <span class='ocrx_word' id='word_1_82' title='bbox 385 1696 627 1773; x_wconf 89' lang='lat' dir='ltr'>admiratione</span> <span class='ocrx_word' id='word_1_83' title='bbox 641 1697 840 1798; x_wconf 80' lang='lat' dir='ltr'>suspensum</span> <span class='ocrx_word' id='word_1_84' title='bbox 860 1718 999 1776; x_wconf 90' lang='lat' dir='ltr'>tenere.</span> 
     </span>
    </p>
   </div>
   <div class='ocr_carea' id='block_1_3' title="bbox 20 1793 1000 1901">
    <p class='ocr_par' dir='ltr' id='par_1_3' title="bbox 20 1793 1000 1901">
     <span class='ocr_line' id='line_1_16' title="bbox 20 1793 1000 1901; baseline 0.001 -29"><span class='ocrx_word' id='word_1_85' title='bbox 20 1831 24 1836; x_wconf 49' lang='lat'><em>⁷</em></span> <span class='ocrx_word' id='word_1_86' title='bbox 146 1793 309 1890; x_wconf 72' lang='lat' dir='ltr'>Affedim</span> <span class='ocrx_word' id='word_1_87' title='bbox 331 1817 388 1868; x_wconf 85' lang='lat' dir='ltr'>eos</span> <span class='ocrx_word' id='word_1_88' title='bbox 399 1798 580 1895; x_wconf 72' lang='lat' dir='ltr'>precipue</span> <span class='ocrx_word' id='word_1_89' title='bbox 588 1845 600 1885; x_wconf 93' lang='lat'>,</span> <span class='ocrx_word' id='word_1_90' title='bbox 626 1801 690 1901; x_wconf 81' lang='lat' dir='ltr'>qui</span> <span class='ocrx_word' id='word_1_91' title='bbox 703 1794 879 1874; x_wconf 78' lang='lat' dir='ltr'>dulciores</span> <span class='ocrx_word' id='word_1_92' title='bbox 885 1793 1000 1891; x_wconf 75' lang='lat' dir='ltr'>fiant:</span> 
     </span>
    </p>
   </div>
   <div class='ocr_carea' id='block_1_4' title="bbox 96 1888 1052 2976">
    <p class='ocr_par' dir='ltr' id='par_1_4' title="bbox 96 1888 1052 2976">
     <span class='ocr_line' id='line_1_17' title="bbox 145 1888 1052 1999; baseline 0 -28"><span class='ocrx_word' id='word_1_93' title='bbox 145 1920 243 1971; x_wconf 83' lang='lat' dir='ltr'>nemo</span> <span class='ocrx_word' id='word_1_94' title='bbox 266 1892 536 1986; x_wconf 85' lang='lat' dir='ltr'>Historicorum</span> <span class='ocrx_word' id='word_1_95' title='bbox 558 1892 672 1971; x_wconf 82' lang='lat' dir='ltr'>Liuio</span> <span class='ocrx_word' id='word_1_96' title='bbox 693 1899 810 1999; x_wconf 81' lang='lat' dir='ltr'>magis</span> <span class='ocrx_word' id='word_1_97' title='bbox 833 1921 1004 1973; x_wconf 83' lang='lat' dir='ltr'>commen·</span> <span class='ocrx_word' id='word_1_98' title='bbox 1044 1888 1052 1942; x_wconf 58' lang='lat'><em>³</em></span> 
     </span>
     <span class='ocr_line' id='line_1_18' title="bbox 102 1992 999 2095; baseline 0.002 -26"><span class='ocrx_word' id='word_1_99' title='bbox 102 1992 271 2081; x_wconf 52' lang='lat' dir='ltr'>*danim</span> <span class='ocrx_word' id='word_1_100' title='bbox 328 1993 447 2090; x_wconf 88' lang='lat' dir='ltr'>inquit</span> <span class='ocrx_word' id='word_1_101' title='bbox 481 1995 623 2068; x_wconf 85' lang='lat' dir='ltr'>Fabius.</span> <span class='ocrx_word' id='word_1_102' title='bbox 707 1995 826 2071; x_wconf 86' lang='lat' dir='ltr'>Multa</span> <span class='ocrx_word' id='word_1_103' title='bbox 873 1993 999 2095; x_wconf 83' lang='lat' dir='ltr'>paffim</span> 
     </span>
     <span class='ocr_line' id='line_1_19' title="bbox 145 2089 1011 2190; baseline 0.001 -23"><span class='ocrx_word' id='word_1_104' title='bbox 145 2094 256 2187; x_wconf 81' lang='lat' dir='ltr'>hujus</span> <span class='ocrx_word' id='word_1_105' title='bbox 287 2092 341 2165; x_wconf 88' lang='lat' dir='ltr'>rei</span> <span class='ocrx_word' id='word_1_106' title='bbox 374 2089 543 2190; x_wconf 81' lang='lat' dir='ltr'>exempla</span> <span class='ocrx_word' id='word_1_107' title='bbox 572 2092 610 2166; x_wconf 91' lang='lat' dir='ltr'>in</span> <span class='ocrx_word' id='word_1_108' title='bbox 636 2092 743 2169; x_wconf 81' lang='lat' dir='ltr'>Livio</span> <span class='ocrx_word' id='word_1_109' title='bbox 773 2113 1011 2183; x_wconf 78' lang='lat' dir='ltr'>occutrunta,</span> 
     </span>
     <span class='ocr_line' id='line_1_20' title="bbox 96 2187 999 2290; baseline 0.002 -25"><span class='ocrx_word' id='word_1_110' title='bbox 96 2202 109 2211; x_wconf 67' lang='grc'><em>“</em></span> <span class='ocrx_word' id='word_1_111' title='bbox 145 2189 234 2266; x_wconf 82' lang='lat' dir='ltr'>iilud</span> <span class='ocrx_word' id='word_1_112' title='bbox 260 2212 349 2262; x_wconf 85' lang='lat' dir='ltr'>vero</span> <span class='ocrx_word' id='word_1_113' title='bbox 374 2189 512 2288; x_wconf 82' lang='lat' dir='ltr'>reliqua</span> <span class='ocrx_word' id='word_1_114' title='bbox 537 2187 700 2288; x_wconf 87' lang='lat' dir='ltr'>superat,</span> <span class='ocrx_word' id='word_1_115' title='bbox 727 2216 802 2290; x_wconf 83' lang='lat' dir='ltr'>quo</span> <span class='ocrx_word' id='word_1_116' title='bbox 820 2193 999 2267; x_wconf 80' lang='lat' dir='ltr'>Lucretiae</span> 
     </span>
     <span class='ocr_line' id='line_1_21' title="bbox 146 2287 1012 2390; baseline 0.002 -27"><span class='ocrx_word' id='word_1_117' title='bbox 146 2287 378 2382; x_wconf 82' lang='lat' dir='ltr'>aTarquinio</span> <span class='ocrx_word' id='word_1_118' title='bbox 404 2311 471 2386; x_wconf 87' lang='lat' dir='ltr'>per</span> <span class='ocrx_word' id='word_1_119' title='bbox 487 2288 563 2388; x_wconf 76' lang='lat' dir='ltr'>uim</span> <span class='ocrx_word' id='word_1_120' title='bbox 582 2289 747 2390; x_wconf 76' lang='lat' dir='ltr'>stupeatae</span> <span class='ocrx_word' id='word_1_121' title='bbox 769 2312 925 2367; x_wconf 89' lang='lat' dir='ltr'>mortem</span> <span class='ocrx_word' id='word_1_122' title='bbox 939 2312 1012 2377; x_wconf 52' lang='lat' dir='ltr'>ex:-</span> 
     </span>
     <span class='ocr_line' id='line_1_22' title="bbox 145 2385 998 2487; baseline 0.007 -27"><span class='ocrx_word' id='word_1_123' title='bbox 145 2386 271 2486; x_wconf 89' lang='lat' dir='ltr'>primit</span> <span class='ocrx_word' id='word_1_124' title='bbox 301 2385 401 2480; x_wconf 85' lang='lat' dir='ltr'>(m):</span> <span class='ocrx_word' id='word_1_125' title='bbox 428 2432 457 2474; x_wconf 91' lang='lat'>‚,</span> <span class='ocrx_word' id='word_1_126' title='bbox 485 2385 641 2477; x_wconf 86' lang='lat' dir='ltr'>Paucis,</span> <span class='ocrx_word' id='word_1_127' title='bbox 675 2391 819 2487; x_wconf 89' lang='lat' dir='ltr'>inquit,</span> <span class='ocrx_word' id='word_1_128' title='bbox 854 2388 998 2481; x_wconf 82' lang='lat' dir='ltr'>interje-</span> 
     </span>
     <span class='ocr_line' id='line_1_23' title="bbox 146 2478 1001 2584; baseline 0.004 -27"><span class='ocrx_word' id='word_1_129' title='bbox 146 2532 175 2575; x_wconf 92' lang='lat'>„</span> <span class='ocrx_word' id='word_1_130' title='bbox 199 2478 265 2557; x_wconf 70' lang='lat' dir='ltr'>ciis</span> <span class='ocrx_word' id='word_1_131' title='bbox 285 2483 413 2556; x_wconf 89' lang='lat' dir='ltr'>diebus</span> <span class='ocrx_word' id='word_1_132' title='bbox 431 2482 547 2558; x_wconf 75' lang='lat' dir='ltr'>didius</span> <span class='ocrx_word' id='word_1_133' title='bbox 561 2487 691 2564; x_wconf 83' lang='lat' dir='ltr'>Sextus</span> <span class='ocrx_word' id='word_1_134' title='bbox 704 2488 925 2584; x_wconf 73' lang='lat' dir='ltr'>Tacquinius</span> <span class='ocrx_word' id='word_1_135' title='bbox 946 2486 1001 2560; x_wconf 88' lang='lat' dir='ltr'>in·&#39;</span> 
     </span>
     <span class='ocr_line' id='line_1_24' title="bbox 146 2579 1011 2676; baseline 0.007 -22"><span class='ocrx_word' id='word_1_136' title='bbox 146 2630 176 2674; x_wconf 88' lang='lat'>„</span> <span class='ocrx_word' id='word_1_137' title='bbox 202 2581 272 2655; x_wconf 79' lang='lat' dir='ltr'>icio</span> <span class='ocrx_word' id='word_1_138' title='bbox 286 2579 474 2657; x_wconf 83' lang='lat' dir='ltr'>Collatino</span> <span class='ocrx_word' id='word_1_139' title='bbox 507 2585 662 2674; x_wconf 85' lang='lat' dir='ltr'>(Marito</span> <span class='ocrx_word' id='word_1_140' title='bbox 678 2585 877 2676; x_wconf 76' lang='lat' dir='ltr'>Lucretia)</span> <span class='ocrx_word' id='word_1_141' title='bbox 912 2605 1011 2659; x_wconf 39' lang='lat' dir='ltr'>cumr</span> 
     </span>
     <span class='ocr_line' id='line_1_25' title="bbox 146 2679 1013 2772; baseline 0.002 -17"><span class='ocrx_word' id='word_1_142' title='bbox 146 2729 180 2772; x_wconf 86' lang='lat'>‚,.</span> <span class='ocrx_word' id='word_1_143' title='bbox 198 2680 335 2755; x_wconf 80' lang='lat' dir='ltr'>comite</span> <span class='ocrx_word' id='word_1_144' title='bbox 358 2703 432 2755; x_wconf 87' lang='lat' dir='ltr'>uno</span> <span class='ocrx_word' id='word_1_145' title='bbox 462 2679 660 2757; x_wconf 86' lang='lat' dir='ltr'>Collatiam</span> <span class='ocrx_word' id='word_1_146' title='bbox 686 2682 811 2767; x_wconf 84' lang='lat' dir='ltr'>venit,</span> <span class='ocrx_word' id='word_1_147' title='bbox 853 2680 917 2755; x_wconf 92' lang='lat' dir='ltr'>ubi</span> <span class='ocrx_word' id='word_1_148' title='bbox 943 2705 1013 2757; x_wconf 82' lang='lat' dir='ltr'>ex·-</span> 
     </span>
     <span class='ocr_line' id='line_1_26' title="bbox 147 2777 999 2879; baseline 0.002 -26"><span class='ocrx_word' id='word_1_149' title='bbox 147 2828 188 2872; x_wconf 60' lang='lat'>„.‚</span> <span class='ocrx_word' id='word_1_150' title='bbox 203 2799 331 2877; x_wconf 83' lang='lat' dir='ltr'>ceptus</span> <span class='ocrx_word' id='word_1_151' title='bbox 349 2778 505 2878; x_wconf 86' lang='lat' dir='ltr'>benigne</span> <span class='ocrx_word' id='word_1_152' title='bbox 517 2780 562 2852; x_wconf 85' lang='lat' dir='ltr'>ab</span> <span class='ocrx_word' id='word_1_153' title='bbox 577 2781 709 2879; x_wconf 84' lang='lat' dir='ltr'>ignaris</span> <span class='ocrx_word' id='word_1_154' title='bbox 725 2777 883 2871; x_wconf 84' lang='lat' dir='ltr'>confilii,</span> <span class='ocrx_word' id='word_1_155' title='bbox 911 2804 999 2855; x_wconf 91' lang='lat' dir='ltr'>cum</span> 
     </span>
     <span class='ocr_line' id='line_1_27' title="bbox 146 2874 1012 2976; baseline 0.005 -26"><span class='ocrx_word' id='word_1_156' title='bbox 146 2896 178 2971; x_wconf 67' lang='lat'>,5</span> <span class='ocrx_word' id='word_1_157' title='bbox 203 2874 281 2976; x_wconf 85' lang='lat' dir='ltr'>post</span> <span class='ocrx_word' id='word_1_158' title='bbox 298 2900 445 2951; x_wconf 83' lang='lat' dir='ltr'>cumam</span> <span class='ocrx_word' id='word_1_159' title='bbox 465 2880 503 2952; x_wconf 91' lang='lat' dir='ltr'>in</span> <span class='ocrx_word' id='word_1_160' title='bbox 519 2875 697 2976; x_wconf 72' lang='lat' dir='ltr'>hospitale</span> <span class='ocrx_word' id='word_1_161' title='bbox 712 2877 921 2954; x_wconf 83' lang='lat' dir='ltr'>cubiculum</span> <span class='ocrx_word' id='word_1_162' title='bbox 937 2881 1012 2969; x_wconf 72' lang='lat' dir='ltr'>&#39;de--¹</span> 
     </span>
    </p>
   </div>
   <div class='ocr_carea' id='block_1_5' title="bbox 24 2973 1000 3078">
    <p class='ocr_par' dir='ltr' id='par_1_5' title="bbox 24 2973 1000 3078">
     <span class='ocr_line' id='line_1_28' title="bbox 24 2973 1000 3078; baseline 0.001 -26"><span class='ocrx_word' id='word_1_163' title='bbox 24 2995 27 3000; x_wconf 88' lang='grc'><em>·</em></span> <span class='ocrx_word' id='word_1_164' title='bbox 145 3024 175 3066; x_wconf 84' lang='grc'>,,</span> <span class='ocrx_word' id='word_1_165' title='bbox 201 2973 330 3049; x_wconf 76' lang='lat' dir='ltr'>uuum</span> <span class='ocrx_word' id='word_1_166' title='bbox 351 2973 468 3063; x_wconf 76' lang='lat' dir='ltr'>esset,</span> <span class='ocrx_word' id='word_1_167' title='bbox 496 2996 633 3051; x_wconf 77' lang='lat' dir='ltr'>amore</span> <span class='ocrx_word' id='word_1_168' title='bbox 657 2976 787 3049; x_wconf 83' lang='lat' dir='ltr'>ardens</span> <span class='ocrx_word' id='word_1_169' title='bbox 810 2977 1000 3078; x_wconf 81' lang='lat' dir='ltr'>postquam</span> 
     </span>
    </p>
   </div>
   <div class='ocr_carea' id='block_1_6' title="bbox 63 3073 1000 3266">
    <p class='ocr_par' dir='ltr' id='par_1_6' title="bbox 63 3073 1000 3266">
     <span class='ocr_line' id='line_1_29' title="bbox 63 3073 1000 3179; baseline 0.002 -32"><span class='ocrx_word' id='word_1_170' title='bbox 63 3126 66 3147; x_wconf 77' lang='grc'><strong>,</strong></span> <span class='ocrx_word' id='word_1_171' title='bbox 143 3123 176 3168; x_wconf 86' lang='lat'><em>„</em></span> <span class='ocrx_word' id='word_1_172' title='bbox 201 3073 283 3149; x_wconf 87' lang='lat' dir='ltr'>satis</span> <span class='ocrx_word' id='word_1_173' title='bbox 300 3076 424 3148; x_wconf 88' lang='lat' dir='ltr'>omnia</span> <span class='ocrx_word' id='word_1_174' title='bbox 444 3090 525 3149; x_wconf 84' lang='lat' dir='ltr'>tuta</span> <span class='ocrx_word' id='word_1_175' title='bbox 539 3078 698 3165; x_wconf 80' lang='lat' dir='ltr'>circum,</span> <span class='ocrx_word' id='word_1_176' title='bbox 731 3074 908 3179; x_wconf 84' lang='lat' dir='ltr'>sopitique</span> <span class='ocrx_word' id='word_1_177' title='bbox 923 3098 1000 3150; x_wconf 85' lang='lat' dir='ltr'>nm·</span> 
     </span>
     <span class='ocr_line' id='line_1_30' title="bbox 423 3197 999 3266; baseline 0.021 -20"><span class='ocrx_word' id='word_1_178' title='bbox 423 3212 425 3217; x_wconf 95' lang='lat'>·</span> <span class='ocrx_word' id='word_1_179' title='bbox 893 3197 999 3266; x_wconf 69' lang='lat' dir='ltr'>„ness</span> 
     </span>
    </p>
   </div>
   <div class='ocr_carea' id='block_1_7' title="bbox 188 3269 546 3383">
    <p class='ocr_par' dir='ltr' id='par_1_7' title="bbox 188 3269 546 3383">
     <span class='ocr_line' id='line_1_31' title="bbox 188 3269 546 3383; baseline 0.011 -39"><span class='ocrx_word' id='word_1_180' title='bbox 188 3279 256 3365; x_wconf 87' lang='lat' dir='ltr'>(m)</span> <span class='ocrx_word' id='word_1_181' title='bbox 278 3269 394 3361; x_wconf 56' lang='grc' dir='ltr'><em>Βαάλ.</em></span> <span class='ocrx_word' id='word_1_182' title='bbox 404 3299 435 3348; x_wconf 86' lang='lat'>1.</span> <span class='ocrx_word' id='word_1_183' title='bbox 451 3270 546 3383; x_wconf 50' lang='lat' dir='ltr'>dha.</span> 
     </span>
    </p>
   </div>
   <div class='ocr_carea' id='block_1_8' title="bbox 0 0 1074 3698">
    <p class='ocr_par' dir='ltr' id='par_1_8' title="bbox 0 0 1074 3698">
     <span class='ocr_line' id='line_1_32' title="bbox 0 0 1074 3698; baseline 0 0"><span class='ocrx_word' id='word_1_184' title='bbox 0 0 1074 3698; x_wconf 95' lang='lat' dir='ltr'> </span> 
     </span>
    </p>
   </div>
  </div>
 </body>
</html>
