2136 3698
129 252 134 259 ,
179 80 391 239 dedocendi
414 141 702 264 Philofirpbr‘em.
790 168 846 261 25
853 116 892 239 1!
932 234 935 239 .

72 296 205 396 incipis
238 297 296 372 illu
330 315 451 383 certa,
494 292 748 388 definitiones,
783 301 880 373 axio·

70 418 128 475 utu
139 446 152 489 ,
179 395 396 496 hypotheses
415 392 652 484 inconcuisae,
670 396 771 495 super
786 418 880 498 quas

70 497 194 575 trituris
211 493 324 593 solum
341 494 618 592 probabilisaut
658 494 883 572 robrbilioris.
965 576 968 581 ,

70 595 289 673 rmonllratio
309 593 405 692 pede
425 592 531 667 firmo
554 518 740 668 condslere
756 592 881 690 pnlsrti
1008 674 1011 685 Α

95 713 219 769 autem
250 691 312 765 ista
342 690 531 781 deficiant,
557 688 677 765 nullus
701 693 771 766 erit
801 690 884 766 linis

71 816 96 867 n
120 793 278 892 negandi
305 788 363 865 seu
390 791 565 885 probandi
588 788 679 889 ipsas
709 788 888 866 definitio·
989 858 992 863 ,

70 915 119 980 rs,
142 892 342 979 axiomata,
369 889 587 987 hypotheses
609 889 680 963 dcc.
725 893 811 964 Non
836 912 888 961 rr·
977 926 980 931 ·

70 1015 78 1062 r
105 989 308 1088 contingit,
334 991 460 1084 utqui
487 985 599 1062 thesin
624 988 781 1087 aliquam
807 1010 889 1085 pro·

70 1086 191 1163 rbilem
218 1083 401 1175 defendit,
426 1085 617 1186 adversarii
631 1104 889 1186 argumentum

70 1182 179 1265 rtiens
205 1184 387 1282 sustineat,
412 1209 481 1268 nec
497 1182 689 1282 explodat,
716 1184 892 1283 quamdiu

70 1304 135 1358 rtra
175 1282 436 1382 probabilitatis
465 1281 601 1358 limites
633 1282 692 1357 ille
733 1284 766 1358 se
803 1305 891 1358 con·

73 1401 176 1479 neat:
201 1401 239 1455 at
264 1383 324 1455 ubi
349 1380 594 1457 demonstrare
620 1381 661 1456 se¹
677 1380 771 1457 velle
794 1381 893 1478 jabi<

71 1480 378 1564 rtAdversarius,
414 1481 616 1552 defendens
649 1481 747 1554 illico
783 1498 894 1582 negat

71 1576 918 1767 rrrr:rrmlrrrrrr,illst1

413 1719 426 1760 ,
882 1718 896 1735 .

71 1770 324 1865 ronstrationis.
381 1772 509 1871 Longe
543 1769 705 1864 facilius,
744 1773 898 1850 felicius·

72 1896 120 1951 ue
161 1870 349 1985 negotium
399 1871 471 1944 hoc
511 1869 660 1945 conficit
700 1877 898 1948 'methodus

71 1967 288 2057 scholastrca,
330 1969 418 2042 dum
450 1994 471 2042 a
498 1967 714 2045 facilioribus
740 1974 785 2043 ud
812 1970 896 2045 diffi·
950 2052 954 2065 p

71 2071 214 2157 illota,
244 2068 497 2154 atrotioribus¹
519 2069 564 2139 ad
593 2071 712 2142 minus
736 2090 846 2159 nora,
880 2096 902 2144 u
977 2070 981 2075 ’

71 2171 162 2245 utris
188 2167 233 2241 ad
263 2167 371 2240 dubia
396 2166 499 2241 velut
526 2164 621 2239 reela
647 2169 706 2242 via
731 2169 767 2242 δι
785 2167 900 2266 pressu
979 2221 988 2242 ,

71 2267 149 2342 rede
179 2289 244 2363 pet
279 2263 495 2364 syllogismos
532 2285 594 2337 aut
619 2264 687 2340 alia
711 2269 902 2343 ratiocina-

73 2367 200 2442 ionum
235 2386 369 2462 genera
402 2364 651 2462 progreditur,
706 2366 899 2440 attendens
944 2380 947 2385 ’

71 2465 144 2564 'uid
170 2461 229 2536 fibi
255 2479 430 2561 negetur,
456 2463 544 2555 quid
573 2465 817 2561 concedetur,
851 2465 900 2538 ite

71 2566 103 2637 rt'
140 2559 278 2659 semper
316 2561 526 2658 precedens
560 2562 739 2636 concluso
783 2565 905 2637 trabat

71 2658 284 2833 {struentem
309 2677 373 2733 aut
396 2657 546 2757 sequens
561 2657 751 2736 confirmet
777 2684 906 2760 prute-

89 2778 225 2834 entem.

425 2920 561 2995 XLVI.

114 3052 169 3129 Ex
192 3049 249 3125 bis
273 3066 402 3147 putet,
437 3054 557 3126 minus
583 3054 812 3127 commodam
840 3054 909 3130 esse

72 3150 224 3231 scientiis
261 3146 373 3247 diis,
422 3152 615 3249 ptaesertr'm
657 3151 922 3328 Phss⁰s⁰⁹hffiss
