2136 3698
180 211 263 299 118
377 195 470 313 Cap.
501 190 577 283 ΠΙ.
640 192 869 281 oeconomia
959 118 962 124 Ι

167 395 198 444 ,‚
224 343 385 444 repetit,
410 339 688 418 &lamentabili
710 341 1031 423 circumvociferc·

30 474 35 511 τ
163 446 329 541 „tione
370 439 642 540 complorantes
685 440 844 516 ancillas.
906 443 1028 535 ‘Hisce

163 595 195 640 „
225 538 606 617 confestimsubmotis
621 540 657 612 in
673 539 859 615 dexteram
873 538 1027 634 jacentis

159 683 195 738 3,
206 662 378 715 manum·
387 628 609 739 aliquamdiu
636 636 813 712 reclinato
834 640 955 736 eapite
973 641 1026 716 in·

161 786 192 835 „
220 737 348 813 cubuit
365 744 392 814 :'
411 738 495 813 dein
510 736 653 811 iisdem
679 735 937 828 odjuvantibur
965 762 1027 813 an·

162 853 193 931 ‚‘,
219 828 309 911 cillit
335 836 499 909 cadaver·
516 852 716 934 utrumque
742 832 895 934 sepelit,
933 835 1026 912 nihil

52 984 54 988 ι
160 985 193 1032 ,,
217 950 380 1032 unquam
409 931 552 1009 effatus.
604 931 804 1008 Postremox
821 933 955 1030 iterum
989 933 1026 1009 se

156 1082 190 1129 ‚‚
215 1031 252 1106 se
267 1034 368 1107 abdit
384 1029 422 1106 in
443 1029 569 1128 sylvam
620 1031 674 1106 lbi
697 1030 909 1110 lanietuma
938 1030 1027 1109 feris

126 1168 193 1323 ‘33
216 1129 1027 1331 dssssrnlllddd‘llnddszzlr:

159 1378 190 1421 ‚‚
214 1345 330 1426 teque
353 1324 501 1440 vulgata
520 1321 805 1399 misericordiam
831 1325 1024 1411 hominnm

158 1475 189 1520 „
214 1426 327 1513 civit3
353 1423 591 1524 cupiditatem
607 1420 850 1499 &audaciam
868 1446 942 1500 non
954 1428 1025 1500 im·

156 1572 188 1619 „
215 1523 359 1599 minuit.
417 1526 528 1596 Anno
559 1522 697 1621 quippe
724 1520 924 1623 insequenti
947 1525 1024 1596 Na·

158 1619 339 1716 „varchi
372 1618 431 1695 alil
460 1621 624 1720 quinque
651 1620 868 1696 Lufitaniam
898 1621 1022 1698 ‚versus

158 1770 188 1815 „
215 1717 359 1807 Cocino
372 1716 520 1794 solvere.
534 1766 562 1808 „
613 1721 917 1795 Animadvertere
937 1715 1023 1797 heic

159 1819 251 1894 licet
278 1817 483 1914 grandium·
506 1815 700 1891 affectuum
735 1812 1025 1916 expreffionemr

157 1918 198 1993 in
222 1935 340 1989 uxore
360 1915 508 2013 quidem
537 1934 614 1989 tam
640 1915 809 2012 pudicam
829 1938 939 2010 quem
962 1940 1024 2018 ge·

157 2009 328 2088 nerosam
354 2014 392 2088 in
424 2034 583 2089 mortem
618 2037 737 2113 usque
764 2012 948 2102 indolem,
983 2018 1022 2091 in

159 2111 296 2187 marito
337 2133 463 2189 autem
498 2114 682 2210 intrepido
723 2110 808 2187 alias
836 2112 1022 2189 Belliduce

159 2209 326 2283 animum
344 2211 560 2287 calamitatis
584 2235 641 2286 ma
670 2211 835 2288 nitudine
853 2210 957 2289 velut
979 2211 1021 2287 iu

161 2300 287 2385 saxum
302 2306 376 2384 fine
389 2331 484 2386 voce
500 2310 626 2408 obrige
643 2330 801 2387 centem.
936 2314 941 2319 ’

524 2474 666 2549 ΧΧΠΙ.·

208 2602 290 2703 Jam
324 2602 370 2676 ad
392 2601 571 2692 formam,
595 2628 676 2703 quae
702 2627 725 2678 e
748 2596 839 2677 loris
863 2601 1021 2679 advenio

159 2704 393 2791 narrationi„
438 2703 497 2778 sen
523 2726 601 2801 quae
627 2705 664 2777 in
687 2702 810 2777 verbis
838 2701 1017 2789 confistit,

162 2823 348 2899 quamque
377 2800 494 2877 stilum
521 2801 730 2875 historicum
756 2795 827 2873 elle
847 2801 1016 2875 diximus.

94 2898 106 2940 '¹
160 2899 272 2976 Hunc
294 2921 419 2974 autem
442 2901 563 2975 verbis
584 2895 768 2996 'explicare
789 2918 853 2973 aut
874 2898 908 2972 le
935 2898 1016 2975 ibus

150 3000 271 3074 certis
293 2999 606 3098 comprehendere
633 3017 690 3069 res
708 2997 845 3093 oppido
861 2998 896 3069 di
938 2997 1020 3069 cilis

160 3095 230 3183 est,
269 3101 319 3171 ita
344 3116 387 3170 ut
416 3096 463 3172 de
492 3116 663 3195 agrotum
689 3094 879 3169 vicinitate
902 3112 1015 3188 atque

160 3193 324 3272 confinio
350 3193 611 3271 altercantibus
636 3191 744 3271 citius
768 3214 905 3296 ponere
924 3189 1017 3267 limi·

209 3306 211 3311 l
937 3309 1018 3382 tes,
