2136 3698
309 194 374 288 89⁴·
387 189 529 280 indoles
557 90 832 306 diplomatidm
907 220 993 308 119

143 340 364 417 teteundum
390 326 464 416 iton
491 334 562 428 est,
587 341 687 511 duod
711 346 790 418 sane
805 352 991 453 magnum

140 437 241 514 inter
272 437 354 515 falsa
386 440 425 512 dr
457 438 902 553 interpoatadipiqmata
937 447 988 520 in·

139 536 310 612 tercedit.
360 539 509 635 Qippe
533 558 614 636 quae
638 534 722 610 false
736 532 845 627 ''sunt3
886 540 989 618 valo·

137 650 220 711 tem
244 657 419 722 omnem,
456 636 556 709 &in
588 636 690 711 omni
720 635 885 712 tribunali
905 662 987 735 ¹per·

137 732 255 821 dunt,
292 756 362 808 nec
400 733 620 815 excusationi
654 732 777 809 iocum
816 736 986 833 praebent.

121 834 190 907 --At
219 831 439 930 interpolata
478 833 624 906 veniam
668 833 798 905 mereri
834 831 987 927 potsunt.

134 930 331 1028 Contingit
356 933 429 1003 hoc
447 928 579 1028 triplici
603 931 738 1004 modo:
762 924 900 1028 'primus
913 930 989 1021 est,

136 1025 318 1128 fialiquid
354 1028 545 1124 adjiciatur
583 1029 685 1127 supra
721 1029 777 1118 id,
817 1028 916 1127 quod
948 1031 988 1107 in

134 1126 396 1228 nutbngrrphis
427 1125 582 1224 pofitum
608 1128 800 1224 reperitur.
854 1127 908 1200 lta
924 1128 987 1224 qui

132 1224 279 1311 chartas
311 1227 539 1301 authenticas
568 1223 729 1302 Ecclefiae
761 1224 823 1301 vel
860 1228 991 1299 Monta

133 1320 286 1417 sieriiin
301 1349 414 1399 unum
432 1324 545 1399 veluti
568 1349 723 1426 corpus,
751 1327 850 1423 quod
879 1320 986 1398 Char-

132 1419 311 1498 talariam
328 1443 524 1514 vocarunt,
551 1426 781 1524 redigebant,
808 1445 985 1525 nontam

130 1522 236 1594 annis
263 1521 499 1609 Pontificum,
537 1523 801 1611 Imperatorum
827 1540 891 1596 aut
916 1522 985 1596 Re·

183 1642 220 1693 m
247 1621 422 1694 duntaxat
447 1617 617 1720 expreiiis
648 1623 796 1695 arbitrio
826 1620 888 1692 suo
925 1618 984 1691 ad·

95 1752 101 1775 =
159 1719 258 1793 idere
280 1741 393 1793 annos
428 1719 698 1797 lucarnationis
729 1719 788 1793 vel
816 1712 983 1794 indidi·-

131 1819 209 1905 αἱς,
233 1814 295 1887 vel
319 1833 517 1913 utrosque,
543 1839 584 1891 ut
614 1820 836 1892 accurratins
862 1841 1005 1892 aevum¹
1044 1882 1047 1900 .

126 1912 420 2012 distinguerent,
457 1912 652 1988 commistis
693 1934 815 1989 tamen
856 1915 980 2012 iaepius

152 2032 195 2087 er
219 2010 393 2087 inscitiam
418 2013 455 2084 in
480 2011 610 2086 horum
632 2010 771 2089 calculo
796 2036 870 2087 non
893 2014 980 2088 levi·

117 2034 196 2185 ’ξας
219 2111 257 2185 in
281 2111 315 2185 le
342 2133 380 2186 es
405 2109 683 2208 chronologicas
709 2114 879 2210 peccatis.
920 2112 979 2187 Al-

127 2228 187 2286 ter
212 2208 284 2298 est,
310 2134 340 2282 ii
359 2209 446 2306 quid
469 2210 506 2282 in
532 2207 702 2304 scriptura
728 2230 978 2306 permutetur,

127 2307 194 2382 uni
211 2308 390 2389 vocabulo
416 2306 513 2381 aliud
537 2305 789 2386 substituendo.
833 2311 893 2384 Sic
917 2334 979 2384 an·

121 2402 235 2502 ‚tique
267 2410 380 2483 verbo
413 2405 562 2502 senum,
613 2408 711 2506 quod
745 2409 849 2484 nobis
889 2407 976 2483 Fru-
1012 2454 1021 2463 —

124 2503 210 2582 dum
239 2510 365 2595 audit,
415 2506 728 2583 succenturiabant
762 2506 870 2604 aliqui
895 2508 976 2599 feo·

123 2603 225 2693 dum,
252 2607 349 2704 quod
376 2626 542 2703 tempore
578 2599 733 2681 conceffi
766 2603 975 2705 diplomatis

123 2707 282 2779 necdum
309 2723 387 2776 erat
411 2704 589 2777 usitatum.
641 2704 976 2798 Tertiusdenique,

123 2802 240 2903 fiper
265 2822 426 2876 errorem
459 2828 480 2876 a
503 2800 785 2881 describentibus
817 2803 854 2880 in
887 2794 975 2873 diffi-

125 2898 187 2981 ciii
220 2922 347 2976 eorum
382 2897 538 2975 ledione
580 2924 676 2996 non·
697 2900 792 2983 bene
826 2896 972 2973 versatis

123 3021 241 3075 unum
267 2997 469 3073 alterumve
491 2998 724 3074 vocabulum
738 2996 970 3086 transsiiatur,

124 3102 189 3173 dut
213 3115 372 3198 ponatur
407 3095 475 3169 alia
501 3096 546 3170 ab
571 3095 636 3185 iis,
703 3119 759 3171 uae
783 3098 820 3171 iu
844 3095 972 3171 instru-

103 3226 105 3231 ⁴
124 3216 252 3276 mento
270 3195 523 3282 continentur,
533 3121 736 3366 §omnuim
780 3197 844 3271 lde
861 3195 971 3292 sphal-

595 3315 620 3393 4
900 3317 975 3369 mt-
