2136 3698
293 214 297 223 ·
440 144 611 265 Phrfiu
894 174 952 265 93

95 316 160 379 tur
188 320 301 399 opera
324 295 385 376 sex
409 299 566 389 dierum,
591 299 688 373 intra
711 318 807 399 quos
827 295 954 376 Deum

96 396 295 476 condidisse
351 400 531 473 mundum
558 422 562 427 ·
587 398 794 472 uuiversum
841 400 955 474 docet

95 499 134 575 S.
168 500 388 597 Scriptura,
460 520 540 596 quae
583 496 672 595 quid
712 495 846 594 quovis
893 497 954 577 die
1039 526 1047 538 ’

96 601 261 689 ereetum
284 593 579 694 produtiumque
598 595 726 681 fuerit,
751 592 834 669 satis
858 593 955 673 clare

95 716 378 773 commemorat.
453 696 634 772 Praeterea
683 692 836 768 unicum
885 692 956 771 eise

92 795 300 877 mundum,
332 794 371 871 dt
403 794 441 870 in
465 818 602 895 genere
634 793 696 869 iun
730 787 957 889 perfeetum,

94 892 242 992 insuper
264 892 388 968 habita
413 893 684 970 elementorum
713 890 891 977 discordia
917 890 957 967 dt

91 1015 220 1069 retum
246 986 488 1068 viciffitudine
512 992 734 1089 ostenditur?
765 987 957 1090 explican-

91 1106 160 1181 tur
184 1092 285 1166 varia
308 1093 525 1187 eruditionis
551 1092 658 1191 plena
688 1088 785 1165 circa
811 1109 957 1185 ternpus

95 1190 227 1267 mundi
252 1209 333 1267 tum
359 1214 434 1291 quo
459 1193 630 1266 conditus
656 1188 706 1265 est
719 1237 734 1281 ,
771 1206 852 1262 turn
877 1209 958 1287 quo

95 1291 295 1365 duraturus
320 1291 380 1380 iit,
404 1291 443 1367 ἃ
464 1314 536 1389 qua
556 1292 702 1367 ratione
723 1288 958 1364 innovandus

97 1387 188 1465 etita
214 1414 260 1464 an
282 1390 355 1468 fine
371 1388 510 1493 angelis
531 1390 569 1468 dc
597 1390 808 1468 hominibus
827 1388 960 1489 produ·

96 1487 133 1565 ci
163 1486 348 1586 putuiiiet.
423 1490 658 1580 Adjiciuntur
701 1491 868 1585 quadam
911 1489 960 1565 de

94 1589 350 1686 magnitudine
374 1584 528 1670 telluris,
557 1584 656 1700 rnole
682 1607 726 1657 ac
750 1584 886 1683 figura,
913 1589 962 1662 de

94 1679 962 1859 rrrrrrnrrnirrrziurant

96 1879 146 1959 fia
171 1877 251 1976 post
276 1804 552 1955 oiservationes
582 1880 627 1954 ab
658 1877 887 1954 Astronornir
922 1881 962 1956 or

97 1978 314 2058 Geometrir
342 1977 589 2055 Prrifiensrbus
613 1998 773 2075 utroque
798 1972 960 2068 Caffino,

99 2077 196 2156 dela
211 2077 361 2168 Hierio,
389 2075 767 2177 Meraldo,Kup1eto
793 2074 830 2151 dr
854 2078 963 2152 Mau·
1013 2091 1018 2099 '

148 2175 271 2253 renisio
303 2177 474 2257 maximis
511 2174 678 2252 laborum
709 2176 753 2252 dr
787 2176 962 2252 itinerum

152 2276 268 2378 pentir
292 2273 416 2351 iustas.
466 2270 523 2351 Hi
539 2274 708 2352 tellurem
734 2297 815 2352 non¹
845 2278 964 2353 omni

98 2401 151 2453 no
184 2375 344 2449 rotunda
385 2376 424 2452 δι
455 2373 624 2469 sphoerica
663 2374 853 2473 preditam
890 2372 963 2448 eise
1043 2438 1049 2455 .

97 2474 218 2575 figura
240 2471 400 2552 fidenter
424 2473 603 2562 afferunt,
630 2472 690 2548 sed
715 2463 962 2570 sphaeroidica.

100 2578 232 2673 Quum
257 2598 348 2651 vero
383 2572 619 2659 shaeroidern
653 2573 750 2646 hanc
774 2569 831 2647 alii
865 2573 963 2647 circa

99 2672 209 2779 polos
233 2696 384 2771 compre
435 2699 497 2762 m,
529 2672 592 2746 sub
616 2689 803 2770 aequatote
828 2668 963 2745 elatam

99 2796 152 2851 eo
170 2791 382 2872 turgentem
408 2774 633 2847 admodum
661 2792 782 2867 cepa:
815 2767 875 2843 alii
898 2790 961 2864 po·

99 2868 176 2951 tius
202 2873 315 2955 obion
343 2895 401 2946 arn
428 2871 500 2944 sive
526 2872 572 2942 ad
603 2865 709 2943 instar
733 2869 795 2941 ovi
828 2867 874 2939 ad
901 2888 963 2968 po·

99 2970 158 3053 ius
182 2895 420 3072 produiianu
454 2970 492 3045 dr
517 2967 580 3042 sub
604 2988 789 3067 arquatore
815 2965 963 3062 deprer·

99 3069 174 3147 om
201 3069 272 3146 effe
297 3070 547 3154 contendant,
587 3066 811 3140 variantibus
839 3063 876 3136 dr
901 3065 963 3137 ob-

100 3167 367 3287 servationibus
398 3173 438 3247 ἃ
463 3168 651 3247 sententiis
676 3164 830 3242 tellure
859 3162 972 3335 spina:
1036 3242 1039 3249 ,

880 3286 938 3336 ru
