<?xml version="1.0" encoding="UTF-8"?>
<!DOCTYPE html PUBLIC "-//W3C//DTD XHTML 1.0 Transitional//EN"
    "http://www.w3.org/TR/xhtml1/DTD/xhtml1-transitional.dtd">
<html xmlns="http://www.w3.org/1999/xhtml" xml:lang="en" lang="en">
 <head>
  <title>
</title>
<meta http-equiv="Content-Type" content="text/html;charset=utf-8" />
  <meta name='ocr-system' content='tesseract 3.04.00' />
  <meta name='ocr-capabilities' content='ocr_page ocr_carea ocr_par ocr_line ocrx_word'/>
</head>
<body>
  <div class='ocr_page' id='page_1' title='image "./bibliothecadome01manngoog_0201.png"; bbox 0 0 2136 3698; ppageno 0'>
   <div class='ocr_carea' id='block_1_1' title="bbox 103 166 734 287">
    <p class='ocr_par' dir='ltr' id='par_1_1' title="bbox 103 166 734 287">
     <span class='ocr_line' id='line_1_1' title="bbox 103 166 734 287; baseline -0.016 -24"><span class='ocrx_word' id='word_1_1' title='bbox 103 182 192 287; x_wconf 80' lang='lat'>184</span> <span class='ocrx_word' id='word_1_2' title='bbox 331 171 421 284; x_wconf 76' lang='lat' dir='ltr'><strong><em>Cap.</em></strong></span> <span class='ocrx_word' id='word_1_3' title='bbox 448 167 549 256; x_wconf 84' lang='lat' dir='ltr'>VI.</span> <span class='ocrx_word' id='word_1_4' title='bbox 589 166 734 255; x_wconf 69' lang='lat' dir='ltr'>Crinito</span> 
     </span>
    </p>
   </div>
   <div class='ocr_carea' id='block_1_2' title="bbox 45 313 990 3364">
    <p class='ocr_par' dir='ltr' id='par_1_2' title="bbox 45 313 990 3345">
     <span class='ocr_line' id='line_1_2' title="bbox 100 313 963 415; baseline -0.006 -20"><span class='ocrx_word' id='word_1_5' title='bbox 100 337 160 395; x_wconf 73' lang='lat' dir='ltr'>tto</span> <span class='ocrx_word' id='word_1_6' title='bbox 183 315 339 392; x_wconf 83' lang='lat' dir='ltr'>dubium·</span> <span class='ocrx_word' id='word_1_7' title='bbox 360 314 421 390; x_wconf 85' lang='lat' dir='ltr'>est.</span> <span class='ocrx_word' id='word_1_8' title='bbox 474 314 564 408; x_wconf 83' lang='lat' dir='ltr'>Illud</span> <span class='ocrx_word' id='word_1_9' title='bbox 591 316 749 415; x_wconf 79' lang='lat' dir='ltr'>denique</span> <span class='ocrx_word' id='word_1_10' title='bbox 774 314 871 390; x_wconf 72' lang='lat' dir='ltr'>cirta</span> <span class='ocrx_word' id='word_1_11' title='bbox 892 313 963 391; x_wconf 53' lang='lat' dir='ltr'>veh</span> 
     </span>
     <span class='ocr_line' id='line_1_3' title="bbox 101 412 960 512; baseline -0.007 -21"><span class='ocrx_word' id='word_1_12' title='bbox 101 419 251 491; x_wconf 81' lang='lat' dir='ltr'>ritatem</span> <span class='ocrx_word' id='word_1_13' title='bbox 284 412 488 503; x_wconf 82' lang='lat' dir='ltr'>historicam</span> <span class='ocrx_word' id='word_1_14' title='bbox 524 437 600 489; x_wconf 90' lang='lat' dir='ltr'>non</span> <span class='ocrx_word' id='word_1_15' title='bbox 638 415 960 512; x_wconf 82' lang='lat' dir='ltr'>praetereundum,</span> 
     </span>
     <span class='ocr_line' id='line_1_4' title="bbox 94 511 964 612; baseline -0.005 -24"><span class='ocrx_word' id='word_1_16' title='bbox 94 516 219 588; x_wconf 83' lang='lat' dir='ltr'>immo</span> <span class='ocrx_word' id='word_1_17' title='bbox 253 514 494 588; x_wconf 80' lang='lat' dir='ltr'>vehementer</span> <span class='ocrx_word' id='word_1_18' title='bbox 525 511 824 612; x_wconf 86' lang='lat' dir='ltr'>deplorandum,</span> <span class='ocrx_word' id='word_1_19' title='bbox 862 513 964 611; x_wconf 91' lang='lat' dir='ltr'>quod</span> 
     </span>
     <span class='ocr_line' id='line_1_5' title="bbox 59 611 963 707; baseline -0.002 -20"><span class='ocrx_word' id='word_1_20' title='bbox 59 660 66 673; x_wconf 73' lang='lat'>=</span> <span class='ocrx_word' id='word_1_21' title='bbox 104 612 180 687; x_wconf 86' lang='lat' dir='ltr'>hoc</span> <span class='ocrx_word' id='word_1_22' title='bbox 203 634 282 684; x_wconf 86' lang='lat' dir='ltr'>aevo</span> <span class='ocrx_word' id='word_1_23' title='bbox 309 628 389 685; x_wconf 90' lang='lat' dir='ltr'>tum</span> <span class='ocrx_word' id='word_1_24' title='bbox 416 612 521 707; x_wconf 77' lang='lat' dir='ltr'>pauci</span> <span class='ocrx_word' id='word_1_25' title='bbox 547 611 614 686; x_wconf 84' lang='lat' dir='ltr'>iint</span> <span class='ocrx_word' id='word_1_26' title='bbox 630 611 787 686; x_wconf 83' lang='lat' dir='ltr'>historici</span> <span class='ocrx_word' id='word_1_27' title='bbox 805 613 878 685; x_wconf 89' lang='lat' dir='ltr'>boc</span> <span class='ocrx_word' id='word_1_28' title='bbox 899 633 963 685; x_wconf 91' lang='lat' dir='ltr'>no·</span> 
     </span>
     <span class='ocr_line' id='line_1_6' title="bbox 102 708 963 812; baseline -0.002 -26"><span class='ocrx_word' id='word_1_29' title='bbox 102 710 205 786; x_wconf 88' lang='lat' dir='ltr'>mine</span> <span class='ocrx_word' id='word_1_30' title='bbox 238 711 364 810; x_wconf 85' lang='lat' dir='ltr'>digni,</span> <span class='ocrx_word' id='word_1_31' title='bbox 405 711 537 812; x_wconf 85' lang='lat' dir='ltr'>&amp;qui</span> <span class='ocrx_word' id='word_1_32' title='bbox 571 734 658 786; x_wconf 85' lang='lat' dir='ltr'>cum</span> <span class='ocrx_word' id='word_1_33' title='bbox 687 708 808 808; x_wconf 87' lang='lat' dir='ltr'><strong>priscis</strong></span> <span class='ocrx_word' id='word_1_34' title='bbox 833 710 963 795; x_wconf 86' lang='lat' dir='ltr'>Livio,</span> 
     </span>
     <span class='ocr_line' id='line_1_7' title="bbox 104 807 965 905; baseline -0.005 -22"><span class='ocrx_word' id='word_1_35' title='bbox 104 807 268 897; x_wconf 69' lang='lat' dir='ltr'>Caesare,</span> <span class='ocrx_word' id='word_1_36' title='bbox 306 811 464 899; x_wconf 83' lang='lat' dir='ltr'>Curtio,</span> <span class='ocrx_word' id='word_1_37' title='bbox 497 808 671 887; x_wconf 84' lang='lat' dir='ltr'>Cornelio</span> <span class='ocrx_word' id='word_1_38' title='bbox 703 812 871 905; x_wconf 83' lang='lat' dir='ltr'>Nepote,</span> <span class='ocrx_word' id='word_1_39' title='bbox 899 825 965 879; x_wconf 77' lang='lat' dir='ltr'>aut</span> 
     </span>
     <span class='ocr_line' id='line_1_8' title="bbox 103 906 966 1003; baseline -0.001 -25"><span class='ocrx_word' id='word_1_40' title='bbox 103 906 309 1003; x_wconf 77' lang='lat' dir='ltr'>junioibus</span> <span class='ocrx_word' id='word_1_41' title='bbox 335 911 470 998; x_wconf 82' lang='lat' dir='ltr'>etiam,</span> <span class='ocrx_word' id='word_1_42' title='bbox 490 911 669 997; x_wconf 79' lang='lat' dir='ltr'>Mariana,</span> <span class='ocrx_word' id='word_1_43' title='bbox 685 907 853 995; x_wconf 84' lang='lat' dir='ltr'>Maffeio‚</span> <span class='ocrx_word' id='word_1_44' title='bbox 872 908 966 981; x_wconf 86' lang='lat' dir='ltr'>Stra·</span> 
     </span>
     <span class='ocr_line' id='line_1_9' title="bbox 105 1000 966 1105; baseline -0.002 -28"><span class='ocrx_word' id='word_1_45' title='bbox 105 1005 154 1077; x_wconf 85' lang='lat' dir='ltr'>da</span> <span class='ocrx_word' id='word_1_46' title='bbox 176 1006 248 1080; x_wconf 76' lang='lat' dir='ltr'>&amp;o</span> <span class='ocrx_word' id='word_1_47' title='bbox 274 1007 311 1080; x_wconf 90' lang='lat' dir='ltr'>in</span> <span class='ocrx_word' id='word_1_48' title='bbox 331 1010 645 1104; x_wconf 80' lang='lat' dir='ltr'><strong>comparationem</strong></span> <span class='ocrx_word' id='word_1_49' title='bbox 668 1009 795 1091; x_wconf 81' lang='lat' dir='ltr'>venire</span> <span class='ocrx_word' id='word_1_50' title='bbox 822 1000 966 1105; x_wconf 78' lang='lat' dir='ltr'>possint.</span> 
     </span>
     <span class='ocr_line' id='line_1_10' title="bbox 105 1104 969 1201; baseline -0.005 -20"><span class='ocrx_word' id='word_1_51' title='bbox 105 1105 197 1181; x_wconf 90' lang='lat' dir='ltr'>Non</span> <span class='ocrx_word' id='word_1_52' title='bbox 230 1105 360 1184; x_wconf 79' lang='lat' dir='ltr'>desunt</span> <span class='ocrx_word' id='word_1_53' title='bbox 392 1104 520 1178; x_wconf 81' lang='lat' dir='ltr'>nostrie</span> <span class='ocrx_word' id='word_1_54' title='bbox 560 1127 709 1201; x_wconf 83' lang='lat' dir='ltr'>quoque</span> <span class='ocrx_word' id='word_1_55' title='bbox 741 1104 969 1201; x_wconf 73' lang='lat' dir='ltr'>temporibus</span> 
     </span>
     <span class='ocr_line' id='line_1_11' title="bbox 107 1199 971 1303; baseline -0.005 -24"><span class='ocrx_word' id='word_1_56' title='bbox 107 1202 277 1279; x_wconf 86' lang='lat' dir='ltr'>Heroum</span> <span class='ocrx_word' id='word_1_57' title='bbox 308 1199 399 1273; x_wconf 65' lang='lat' dir='ltr'>fasta</span> <span class='ocrx_word' id='word_1_58' title='bbox 426 1201 593 1303; x_wconf 80' lang='lat' dir='ltr'>iniignia,</span> <span class='ocrx_word' id='word_1_59' title='bbox 618 1203 769 1302; x_wconf 83' lang='lat' dir='ltr'>grandia</span> <span class='ocrx_word' id='word_1_60' title='bbox 795 1201 889 1275; x_wconf 84' lang='lat' dir='ltr'>bella</span> <span class='ocrx_word' id='word_1_61' title='bbox 914 1224 971 1275; x_wconf 60' lang='lat' dir='ltr'>tes</span> 
     </span>
     <span class='ocr_line' id='line_1_12' title="bbox 107 1298 972 1402; baseline -0.003 -28"><span class='ocrx_word' id='word_1_62' title='bbox 107 1304 268 1402; x_wconf 83' lang='lat' dir='ltr'>gnorum</span> <span class='ocrx_word' id='word_1_63' title='bbox 305 1301 343 1375; x_wconf 75' lang='grc' dir='ltr'>δε</span> <span class='ocrx_word' id='word_1_64' title='bbox 368 1298 734 1393; x_wconf 83' lang='lat' dir='ltr'>Rerumpublicatum</span> <span class='ocrx_word' id='word_1_65' title='bbox 763 1298 972 1375; x_wconf 82' lang='lat' dir='ltr'>viciffitudi·</span> 
     </span>
     <span class='ocr_line' id='line_1_13' title="bbox 108 1396 974 1496; baseline -0.003 -21"><span class='ocrx_word' id='word_1_66' title='bbox 108 1418 196 1488; x_wconf 80' lang='lat' dir='ltr'>nes,</span> <span class='ocrx_word' id='word_1_67' title='bbox 223 1401 349 1496; x_wconf 79' lang='lat' dir='ltr'><strong>tragici</strong></span> <span class='ocrx_word' id='word_1_68' title='bbox 372 1397 471 1472; x_wconf 86' lang='lat' dir='ltr'>casus</span> <span class='ocrx_word' id='word_1_69' title='bbox 498 1397 654 1473; x_wconf 83' lang='lat' dir='ltr'>fortunae</span> <span class='ocrx_word' id='word_1_70' title='bbox 680 1396 869 1473; x_wconf 83' lang='lat' dir='ltr'>ludentis=</span> <span class='ocrx_word' id='word_1_71' title='bbox 898 1420 974 1472; x_wconf 82' lang='lat' dir='ltr'>non</span> 
     </span>
     <span class='ocr_line' id='line_1_14' title="bbox 56 1497 977 1595; baseline -0.001 -24"><span class='ocrx_word' id='word_1_72' title='bbox 56 1544 59 1551; x_wconf 84' lang='lat'><strong>·</strong></span> <span class='ocrx_word' id='word_1_73' title='bbox 112 1497 244 1571; x_wconf 80' lang='lat' dir='ltr'>desunt</span> <span class='ocrx_word' id='word_1_74' title='bbox 268 1497 444 1595; x_wconf 81' lang='lat' dir='ltr'>ingenia,</span> <span class='ocrx_word' id='word_1_75' title='bbox 487 1499 525 1572; x_wconf 92' lang='lat'>&amp;</span> <span class='ocrx_word' id='word_1_76' title='bbox 549 1497 631 1571; x_wconf 89' lang='lat' dir='ltr'><strong>Viri</strong></span> <span class='ocrx_word' id='word_1_77' title='bbox 657 1497 695 1573; x_wconf 90' lang='lat' dir='ltr'>in</span> <span class='ocrx_word' id='word_1_78' title='bbox 728 1498 829 1569; x_wconf 89' lang='lat' dir='ltr'>omni</span> <span class='ocrx_word' id='word_1_79' title='bbox 856 1497 977 1570; x_wconf 87' lang='lat' dir='ltr'>erudi·</span> 
     </span>
     <span class='ocr_line' id='line_1_15' title="bbox 112 1591 976 1694; baseline -0.003 -24"><span class='ocrx_word' id='word_1_80' title='bbox 112 1591 226 1685; x_wconf 83' lang='lat' dir='ltr'>tionis</span> <span class='ocrx_word' id='word_1_81' title='bbox 262 1619 399 1694; x_wconf 84' lang='lat' dir='ltr'>genere</span> <span class='ocrx_word' id='word_1_82' title='bbox 431 1594 585 1671; x_wconf 61' lang='lat' dir='ltr'>versati:</span> <span class='ocrx_word' id='word_1_83' title='bbox 624 1594 694 1669; x_wconf 88' lang='lat' dir='ltr'>Sed</span> <span class='ocrx_word' id='word_1_84' title='bbox 721 1593 872 1681; x_wconf 85' lang='lat' dir='ltr'>desunt,</span> <span class='ocrx_word' id='word_1_85' title='bbox 910 1593 976 1690; x_wconf 88' lang='lat' dir='ltr'>qui</span> 
     </span>
     <span class='ocr_line' id='line_1_16' title="bbox 112 1692 978 1788; baseline -0.005 -19"><span class='ocrx_word' id='word_1_86' title='bbox 112 1715 204 1788; x_wconf 70' lang='lat' dir='ltr'>vere</span> <span class='ocrx_word' id='word_1_87' title='bbox 228 1717 273 1768; x_wconf 87' lang='lat' dir='ltr'>ac</span> <span class='ocrx_word' id='word_1_88' title='bbox 306 1694 441 1769; x_wconf 82' lang='lat' dir='ltr'>fintene</span> <span class='ocrx_word' id='word_1_89' title='bbox 473 1695 520 1768; x_wconf 89' lang='lat' dir='ltr'>de</span> <span class='ocrx_word' id='word_1_90' title='bbox 552 1692 654 1768; x_wconf 84' lang='lat' dir='ltr'>hisce</span> <span class='ocrx_word' id='word_1_91' title='bbox 687 1694 796 1767; x_wconf 88' lang='lat' dir='ltr'>rebus</span> <span class='ocrx_word' id='word_1_92' title='bbox 823 1692 978 1765; x_wconf 80' lang='lat' dir='ltr'>scribere</span> 
     </span>
     <span class='ocr_line' id='line_1_17' title="bbox 113 1790 980 1888; baseline -0.005 -21"><span class='ocrx_word' id='word_1_93' title='bbox 113 1810 182 1868; x_wconf 76' lang='lat' dir='ltr'>aut</span> <span class='ocrx_word' id='word_1_94' title='bbox 206 1791 338 1882; x_wconf 87' lang='lat' dir='ltr'>velint,</span> <span class='ocrx_word' id='word_1_95' title='bbox 364 1813 429 1866; x_wconf 82' lang='lat' dir='ltr'>aut</span> <span class='ocrx_word' id='word_1_96' title='bbox 454 1790 597 1888; x_wconf 82' lang='lat' dir='ltr'>poffint.</span> <span class='ocrx_word' id='word_1_97' title='bbox 648 1794 693 1866; x_wconf 88' lang='lat' dir='ltr'>Et</span> <span class='ocrx_word' id='word_1_98' title='bbox 712 1815 776 1866; x_wconf 89' lang='lat' dir='ltr'>cur</span> <span class='ocrx_word' id='word_1_99' title='bbox 796 1793 903 1866; x_wconf 70' lang='lat' dir='ltr'>hoo?</span> <span class='ocrx_word' id='word_1_100' title='bbox 926 1790 980 1863; x_wconf 75' lang='lat' dir='ltr'>ni</span> 
     </span>
     <span class='ocr_line' id='line_1_18' title="bbox 114 1890 981 1988; baseline -0.008 -20"><span class='ocrx_word' id='word_1_101' title='bbox 114 1893 233 1968; x_wconf 87' lang='lat' dir='ltr'>mium</span> <span class='ocrx_word' id='word_1_102' title='bbox 257 1890 421 1967; x_wconf 79' lang='lat' dir='ltr'>delicatae</span> <span class='ocrx_word' id='word_1_103' title='bbox 452 1890 533 1965; x_wconf 84' lang='lat' dir='ltr'>sunt</span> <span class='ocrx_word' id='word_1_104' title='bbox 554 1893 632 1965; x_wconf 25' lang='lat' dir='ltr'>»hoc</span> <span class='ocrx_word' id='word_1_105' title='bbox 663 1914 743 1966; x_wconf 81' lang='lat' dir='ltr'>aevo</span> <span class='ocrx_word' id='word_1_106' title='bbox 768 1891 981 1988; x_wconf 84' lang='lat' dir='ltr'>Principum</span> 
     </span>
     <span class='ocr_line' id='line_1_19' title="bbox 115 1987 982 2084; baseline -0.007 -18"><span class='ocrx_word' id='word_1_107' title='bbox 115 2014 245 2079; x_wconf 68' lang='lat' dir='ltr'>tures,</span> <span class='ocrx_word' id='word_1_108' title='bbox 271 1991 379 2064; x_wconf 82' lang='lat' dir='ltr'>nimis</span> <span class='ocrx_word' id='word_1_109' title='bbox 401 1990 506 2067; x_wconf 84' lang='lat' dir='ltr'>exosa</span> <span class='ocrx_word' id='word_1_110' title='bbox 523 1991 561 2066; x_wconf 91' lang='lat' dir='ltr'>in</span> <span class='ocrx_word' id='word_1_111' title='bbox 583 1988 674 2064; x_wconf 84' lang='lat' dir='ltr'>aulis</span> <span class='ocrx_word' id='word_1_112' title='bbox 701 1992 862 2076; x_wconf 84' lang='lat' dir='ltr'>vetitas,</span> <span class='ocrx_word' id='word_1_113' title='bbox 894 1987 982 2084; x_wconf 74' lang='lat' dir='ltr'><strong>ipso·</strong></span> 
     </span>
     <span class='ocr_line' id='line_1_20' title="bbox 45 2085 983 2188; baseline -0.01 -19"><span class='ocrx_word' id='word_1_114' title='bbox 45 2165 48 2169; x_wconf 86' lang='lat'>.</span> <span class='ocrx_word' id='word_1_115' title='bbox 117 2112 191 2188; x_wconf 88' lang='lat' dir='ltr'>que</span> <span class='ocrx_word' id='word_1_116' title='bbox 206 2088 390 2188; x_wconf 83' lang='lat' dir='ltr'>popularis</span> <span class='ocrx_word' id='word_1_117' title='bbox 406 2114 493 2163; x_wconf 74' lang='lat' dir='ltr'>aure</span> <span class='ocrx_word' id='word_1_118' title='bbox 508 2089 709 2163; x_wconf 79' lang='lat' dir='ltr'>admodum</span> <span class='ocrx_word' id='word_1_119' title='bbox 724 2087 861 2162; x_wconf 86' lang='lat' dir='ltr'>infesta.</span> <span class='ocrx_word' id='word_1_120' title='bbox 885 2085 983 2173; x_wconf 49' lang='lat' dir='ltr'>„Om-</span> 
     </span>
     <span class='ocr_line' id='line_1_21' title="bbox 117 2181 982 2279; baseline -0.007 -18"><span class='ocrx_word' id='word_1_121' title='bbox 117 2210 185 2261; x_wconf 80' lang='lat' dir='ltr'>nes</span> <span class='ocrx_word' id='word_1_122' title='bbox 212 2190 249 2279; x_wconf 83' lang='lat' dir='ltr'>in</span> <span class='ocrx_word' id='word_1_123' title='bbox 276 2186 374 2264; x_wconf 82' lang='lat' dir='ltr'>solio</span> <span class='ocrx_word' id='word_1_124' title='bbox 400 2182 636 2277; x_wconf 74' lang='lat' dir='ltr'>Salomones‘,</span> <span class='ocrx_word' id='word_1_125' title='bbox 660 2211 789 2262; x_wconf 87' lang='lat' dir='ltr'>omnes</span> <span class='ocrx_word' id='word_1_126' title='bbox 816 2189 853 2259; x_wconf 91' lang='lat' dir='ltr'>in</span> <span class='ocrx_word' id='word_1_127' title='bbox 873 2181 982 2259; x_wconf 83' lang='lat' dir='ltr'>eonii·</span> 
     </span>
     <span class='ocr_line' id='line_1_22' title="bbox 119 2281 982 2383; baseline -0.007 -23"><span class='ocrx_word' id='word_1_128' title='bbox 119 2283 177 2360; x_wconf 89' lang='lat' dir='ltr'><strong>liis</strong></span> <span class='ocrx_word' id='word_1_129' title='bbox 199 2285 401 2373; x_wconf 62' lang='lat' dir='ltr'>Nestora,</span> <span class='ocrx_word' id='word_1_130' title='bbox 427 2311 558 2360; x_wconf 88' lang='lat' dir='ltr'>omnes</span> <span class='ocrx_word' id='word_1_131' title='bbox 583 2289 620 2360; x_wconf 91' lang='lat' dir='ltr'>in</span> <span class='ocrx_word' id='word_1_132' title='bbox 651 2281 982 2383; x_wconf 71' lang='lat' dir='ltr'>bellos&#39;cipiones,</span> 
     </span>
     <span class='ocr_line' id='line_1_23' title="bbox 106 2384 986 2485; baseline -0.007 -26"><span class='ocrx_word' id='word_1_133' title='bbox 106 2388 252 2485; x_wconf 79' lang='lat' dir='ltr'>&#39;ornnes</span> <span class='ocrx_word' id='word_1_134' title='bbox 272 2385 310 2459; x_wconf 86' lang='lat' dir='ltr'>in</span> <span class='ocrx_word' id='word_1_135' title='bbox 334 2384 534 2484; x_wconf 84' lang='lat' dir='ltr'>Republica</span> <span class='ocrx_word' id='word_1_136' title='bbox 558 2385 744 2470; x_wconf 75' lang='lat' dir='ltr'>Catones,</span> <span class='ocrx_word' id='word_1_137' title='bbox 771 2385 842 2458; x_wconf 89' lang='lat' dir='ltr'>dici</span> <span class='ocrx_word' id='word_1_138' title='bbox 865 2404 908 2456; x_wconf 83' lang='lat' dir='ltr'>ac</span> <span class='ocrx_word' id='word_1_139' title='bbox 925 2402 986 2454; x_wconf 79' lang='lat' dir='ltr'>uu·</span> 
     </span>
     <span class='ocr_line' id='line_1_24' title="bbox 121 2476 987 2580; baseline -0.002 -26"><span class='ocrx_word' id='word_1_140' title='bbox 121 2482 202 2556; x_wconf 84' lang='lat' dir='ltr'>dire</span> <span class='ocrx_word' id='word_1_141' title='bbox 229 2476 394 2580; x_wconf 66' lang='lat' dir='ltr'>eupiu‘ntz</span> <span class='ocrx_word' id='word_1_142' title='bbox 426 2530 430 2534; x_wconf 94' lang='lat'><em>-</em></span> <span class='ocrx_word' id='word_1_143' title='bbox 463 2484 499 2556; x_wconf 86' lang='lat' dir='ltr'>Si</span> <span class='ocrx_word' id='word_1_144' title='bbox 531 2485 624 2557; x_wconf 84' lang='lat' dir='ltr'>vitia</span> <span class='ocrx_word' id='word_1_145' title='bbox 652 2486 691 2559; x_wconf 88' lang='lat' dir='ltr'>in</span> <span class='ocrx_word' id='word_1_146' title='bbox 715 2483 925 2580; x_wconf 84' lang='lat' dir='ltr'>regimine,</span> <span class='ocrx_word' id='word_1_147' title='bbox 962 2477 987 2552; x_wconf 84' lang='lat' dir='ltr'>fi</span> 
     </span>
     <span class='ocr_line' id='line_1_25' title="bbox 121 2575 988 2680; baseline 0.002 -25"><span class='ocrx_word' id='word_1_148' title='bbox 121 2575 227 2655; x_wconf 77' lang='lat' dir='ltr'>eraffi</span> <span class='ocrx_word' id='word_1_149' title='bbox 254 2601 383 2657; x_wconf 81' lang='lat' dir='ltr'>contra</span> <span class='ocrx_word' id='word_1_150' title='bbox 409 2581 588 2667; x_wconf 89' lang='lat' dir='ltr'>Politicen</span> <span class='ocrx_word' id='word_1_151' title='bbox 616 2578 791 2675; x_wconf 70' lang='lat' dir='ltr'>errores,</span> <span class='ocrx_word' id='word_1_152' title='bbox 819 2576 853 2680; x_wconf 74' lang='lat' dir='ltr'>¹si</span> <span class='ocrx_word' id='word_1_153' title='bbox 883 2576 988 2657; x_wconf 77' lang='lat' dir='ltr'>malae</span> 
     </span>
     <span class='ocr_line' id='line_1_26' title="bbox 123 2674 988 2777; baseline -0.009 -21"><span class='ocrx_word' id='word_1_154' title='bbox 123 2696 223 2756; x_wconf 72' lang='lat' dir='ltr'>artes</span> <span class='ocrx_word' id='word_1_155' title='bbox 249 2703 396 2770; x_wconf 84' lang='lat' dir='ltr'>eorum,</span> <span class='ocrx_word' id='word_1_156' title='bbox 422 2685 485 2777; x_wconf 90' lang='lat' dir='ltr'>qui</span> <span class='ocrx_word' id='word_1_157' title='bbox 511 2674 708 2756; x_wconf 76' lang='lat' dir='ltr'>a&#39;coofiliis</span> <span class='ocrx_word' id='word_1_158' title='bbox 733 2677 836 2770; x_wconf 85' lang='lat' dir='ltr'>sunt,</span> <span class='ocrx_word' id='word_1_159' title='bbox 865 2675 886 2749; x_wconf 81' lang='lat' dir='ltr'>fi</span> <span class='ocrx_word' id='word_1_160' title='bbox 911 2678 988 2750; x_wconf 90' lang='lat' dir='ltr'>Du·</span> 
     </span>
     <span class='ocr_line' id='line_1_27' title="bbox 122 2772 989 2881; baseline -0.01 -27"><span class='ocrx_word' id='word_1_161' title='bbox 122 2796 213 2855; x_wconf 87' lang='lat' dir='ltr'>&#39;cum</span> <span class='ocrx_word' id='word_1_162' title='bbox 237 2782 275 2855; x_wconf 90' lang='lat' dir='ltr'>in</span> <span class='ocrx_word' id='word_1_163' title='bbox 301 2782 469 2881; x_wconf 85' lang='lat' dir='ltr'>gerendis</span> <span class='ocrx_word' id='word_1_164' title='bbox 496 2779 600 2871; x_wconf 82' lang='lat' dir='ltr'>bellis</span> <span class='ocrx_word' id='word_1_165' title='bbox 626 2775 851 2852; x_wconf 65' lang='lat' dir='ltr'>inscitiane}</span> <span class='ocrx_word' id='word_1_166' title='bbox 876 2772 989 2873; x_wconf 85' lang='lat' dir='ltr'>perii-</span> 
     </span>
     <span class='ocr_line' id='line_1_28' title="bbox 126 2872 990 2978; baseline -0.009 -25"><span class='ocrx_word' id='word_1_167' title='bbox 126 2881 215 2966; x_wconf 78' lang='lat' dir='ltr'>dia,</span> <span class='ocrx_word' id='word_1_168' title='bbox 251 2877 274 2951; x_wconf 84' lang='lat' dir='ltr'>fi</span> <span class='ocrx_word' id='word_1_169' title='bbox 301 2880 401 2978; x_wconf 83' lang='lat' dir='ltr'>pravi</span> <span class='ocrx_word' id='word_1_170' title='bbox 434 2882 557 2954; x_wconf 81' lang='lat' dir='ltr'>mores</span> <span class='ocrx_word' id='word_1_171' title='bbox 582 2876 743 2975; x_wconf 71' lang='lat' dir='ltr'>ciuium,</span> <span class='ocrx_word' id='word_1_172' title='bbox 777 2875 815 2949; x_wconf 70' lang='grc' dir='ltr'><strong>ἃ</strong></span> <span class='ocrx_word' id='word_1_173' title='bbox 837 2872 990 2945; x_wconf 74' lang='lat' dir='ltr'>admini-</span> 
     </span>
     <span class='ocr_line' id='line_1_29' title="bbox 124 2970 989 3078; baseline -0.01 -26"><span class='ocrx_word' id='word_1_174' title='bbox 124 2976 250 3052; x_wconf 85' lang='lat' dir='ltr'>stratio</span> <span class='ocrx_word' id='word_1_175' title='bbox 278 2975 418 3052; x_wconf 79' lang='lat' dir='ltr'>sordida</span> <span class='ocrx_word' id='word_1_176' title='bbox 442 2974 747 3078; x_wconf 81' lang='lat' dir='ltr'>Magistratuum,</span> <span class='ocrx_word' id='word_1_177' title='bbox 783 2970 913 3045; x_wconf 79' lang='lat' dir='ltr'><strong>ii&#39;haec</strong></span> <span class='ocrx_word' id='word_1_178' title='bbox 937 2971 989 3044; x_wconf 92' lang='lat' dir='ltr'>in·</span> 
     </span>
     <span class='ocr_line' id='line_1_30' title="bbox 127 3068 990 3171; baseline -0.003 -23"><span class='ocrx_word' id='word_1_179' title='bbox 127 3080 131 3088; x_wconf 84' lang='lat'>&#39;</span> <span class='ocrx_word' id='word_1_180' title='bbox 157 3098 249 3149; x_wconf 79' lang='lat' dir='ltr'>uem·</span> <span class='ocrx_word' id='word_1_181' title='bbox 267 3078 312 3150; x_wconf 85' lang='lat' dir='ltr'>ab</span> <span class='ocrx_word' id='word_1_182' title='bbox 338 3072 620 3171; x_wconf 84' lang='lat' dir='ltr'>Historico,.uti</span> <span class='ocrx_word' id='word_1_183' title='bbox 644 3095 685 3147; x_wconf 86' lang='lat' dir='ltr'>re</span> <span class='ocrx_word' id='word_1_184' title='bbox 710 3071 782 3171; x_wconf 79' lang='lat' dir='ltr'>ipsu</span> <span class='ocrx_word' id='word_1_185' title='bbox 807 3068 915 3158; x_wconf 86' lang='lat' dir='ltr'>sunt,</span> <span class='ocrx_word' id='word_1_186' title='bbox 949 3069 990 3145; x_wconf 76' lang='lat' dir='ltr'>dt</span> 
     </span>
     <span class='ocr_line' id='line_1_31' title="bbox 124 3097 989 3345; baseline -0.012 -94"><span class='ocrx_word' id='word_1_187' title='bbox 124 3097 170 3251; x_wconf 66' lang='lat' dir='ltr'>dt</span> <span class='ocrx_word' id='word_1_188' title='bbox 201 3169 352 3281; x_wconf 72' lang='lat' dir='ltr'>fuerunt</span> <span class='ocrx_word' id='word_1_189' title='bbox 358 3222 372 3263; x_wconf 89' lang='lat'>‚</span> <span class='ocrx_word' id='word_1_190' title='bbox 409 3175 652 3273; x_wconf 80' lang='lat' dir='ltr'>detegentur,</span> <span class='ocrx_word' id='word_1_191' title='bbox 692 3166 989 3345; x_wconf 38' lang='lat' dir='ltr'>continuodaeiae</span> 
     </span>
    </p>

    <p class='ocr_par' dir='ltr' id='par_1_3' title="bbox 920 3291 989 3364">
     <span class='ocr_line' id='line_1_32' title="bbox 920 3291 989 3364; baseline 0.014 -22"><span class='ocrx_word' id='word_1_192' title='bbox 920 3291 989 3364; x_wconf 68' lang='lat' dir='ltr'>aje-</span> 
     </span>
    </p>
   </div>
   <div class='ocr_carea' id='block_1_3' title="bbox 0 0 1111 3698">
    <p class='ocr_par' dir='ltr' id='par_1_4' title="bbox 0 0 1111 3698">
     <span class='ocr_line' id='line_1_33' title="bbox 0 0 1111 3698; baseline 0 0"><span class='ocrx_word' id='word_1_193' title='bbox 0 0 1111 3698; x_wconf 95' lang='lat' dir='ltr'> </span> 
     </span>
    </p>
   </div>
  </div>
 </body>
</html>
