2136 3698
46 198 59 237 t
89 148 110 225 ⁴=
156 164 243 282 164
370 165 464 281 Cap.
499 167 568 254 Va'
608 165 796 279 cognitio.

153 336 312 416 rumque
336 336 574 415 patergotum
600 317 767 415 copiam,
800 302 1015 415 plurimum·

154 439 230 513 que
262 415 400 515 negotii
448 412 587 489 facellit
613 415 855 490 :Candidatis
905 416 1018 510 huius

155 511 283 607 liudii,
319 536 432 612 quum
466 536 525 588 tes
558 512 721 609 plurima
748 515 899 614 cognitu
925 512 1017 589 diffi-

156 612 244 688 ciles
269 614 487 685 numismata
524 609 753 689 lustrann'un't
785 613 903 689 oculis
927 613 1036 705 libe--

58 733 61 738 ·
154 706 322 788 ralislimc
349 708 382 785 se
409 707 442 784 se
468 710 653 804 objiciant.
702 714 847 789 Vetum
871 713 911 789 ὰ
935 715 1016 789 hac

155 807 350 885 difficultas
375 810 533 909 mitigati
560 810 698 909 potest,
738 814 826 911 quin
852 811 891 887 &
916 811 1018 910 supe·

154 916 253 1008 tati,
289 908 312 982 fi
338 908 471 1010 fingula
496 911 625 987 ordine
650 910 938 1011 pertrablentur',
974 910 1016 985 bc

154 1026 373 1083 ornamenta
405 1008 468 1083 ista
505 1006 543 1083 in
584 1029 703 1085 certas
744 1007 866 1087 classes
905 1006 1017 1083 distri·
1052 1050 1055 1054 ·

36 1132 45 1189 ,’
156 1107 338 1196 buantut,
392 1109 565 1204 quoniam
613 1106 728 1180 multa
767 1107 850 1183 sunt
890 1106 1017 1183 multis

39 1206 44 1215 ’
155 1209 378 1281 communia.
431 1205 558 1278 Primis
592 1206 819 1303 temporibus
852 1206 921 1287 bos
953 1225 1019 1280 aut

155 1306 237 1379 ovis
273 1303 497 1402 figurabatur
531 1304 569 1380 in
598 1302 744 1377 numis:
783 1304 1018 1402 postmodum

155 1397 241 1493 Dii,
268 1422 311 1474 ut
334 1402 444 1498 Janus
469 1402 616 1502 biceps,
633 1399 774 1485 ¹Custot
799 1402 837 1478 δι
864 1403 1017 1492 Pollux,

154 1499 217 1575 vel
244 1517 356 1597 caput
380 1501 526 1576 Roma:
560 1519 639 1574 tum
681 1523 809 1574 currus
834 1499 1019 1591 villotiae,

155 1598 287 1697 quibus
313 1598 388 1675 duo
422 1599 484 1672 ¹vel
510 1616 670 1699 quatuor
703 1600 793 1697 ¹equi
814 1599 1021 1702 ‘jungeban-

54 1775 58 1780 ,
155 1714 241 1787 tut3
278 1696 377 1770 unde
403 1699 506 1771 numi
531 1696 737 1786 meletiani,
770 1697 901 1797 bigati,
933 1723 1020 1797 qua·

154 1794 310 1895 drigati,
346 1796 393 1873 dc
427 1797 559 1895 quibus
585 1795 669 1873 alibi
704 1794 872 1897 egimus,
914 1795 1018 1873 fuere

153 1890 352 1993 atlpellatia
404 1894 537 1969 deinde
573 1896 653 1971 ubi>
683 1896 862 1994 imagines
904 1894 1019 1985 Maio·

75 2026 78 2031 ·
154 2012 262 2080 tum,
295 1996 461 2093 Regum,
489 1991 677 2084 illustrium
695 1991 873 2069 Virorum
888 1995 1020 2069 acCae·

153 2078 480 2167 saruminadvcrsa
498 2091 954 2193 partefiguaticoepetunt,
977 2093 1018 2166 in

157 2188 610 2295 aversaimptimekantur
630 2191 792 2280 nomina,
813 2186 1020 2266 officiorum

130 2286 415 2381 .·insttumenta‚
453 2290 492 2362 δε
510 2310 751 2368 monumenta
775 2288 1020 2378 familiarum,

155 2398 234 2485 'quo
251 2408 306 2461 ex
322 2382 429 2463 fonte
446 2405 548 2461 tanta
567 2385 672 2465 fluxit
695 2387 800 2487 copia
815 2388 995 2490 {ignotum
1004 2436 1018 2476 ,

105 2552 108 2559 .
156 2485 292 2582 quibus
311 2485 531 2583 dignitatum
544 2486 880 2587 &Magistratuum,
900 2487 1020 2564 berni·

157 2602 289 2682 corum
305 2581 530 2671 facinorum,
552 2585 748 2661 celebrium
762 2582 996 2661 vilioriarum
1006 2631 1021 2674 ,

157 2683 332 2759 &omnis
351 2683 500 2783 genetiu
510 2683 648 2760 rituum
661 2683 856 2772 notitiam,
877 2707 958 2786 qua
973 2685 1021 2758 ad

156 2804 230 2861 nos
257 2805 376 2879 usque
401 2788 590 2881 petvenit,
615 2785 652 2856 in
686 2786 846 2883 acceptis
882 2780 1021 2859 referte

160 2882 352 2955 debemus.
404 2883 492 2955 Haec
517 2880 564 2953 de
588 2898 672 2953 ortu
689 2879 727 2953 ἃ
749 2880 934 2981 progreisu
956 2897 1023 2955 nu-v

157 2981 386 3055 mismatum.
430 2979 580 3071 -Jam‘in
606 2973 1019 3080 quinque'potlfflmum

156 3077 285 3151 classes
309 3102 372 3163 ea,
412 3102 491 3176 quae
518 3078 553 3151 in
582 3076 638 3151 his
670 3077 861 3153 observatu
888 3073 1018 3175 digna,

157 3176 287 3251 unmo-
323 3176 412 3251 scitu
445 3172 640 3254 necessaria
670 3175 777 3269 suut,
819 3178 1018 3256 commode

970 3276 1023 3353 di·
