2136 3698
489 152 658 272 Phrfiu·
836 245 850 256 κ
926 177 995 272 to

135 298 319 381 honorem
338 302 577 397 vendicabat,
602 315 735 401 utpote
755 292 929 407 subtiliori
947 326 993 382 ao

138 401 318 494 surdiori,
348 418 458 501 quam
490 401 531 474 fit
562 423 683 489 terra,
720 425 823 501 aqua
855 404 893 480 bt
917 416 993 480 aer.

95 552 100 559 ,
137 507 269 598 Neque
309 524 413 578 terrae
449 501 593 599 patroni
634 496 869 589 defueruntf
894 504 994 580 inter

93 661 96 666 -
165 627 231 678 uos
258 600 556 676 Democritus&
589 601 786 698 Epicurus,
820 597 882 695 qui
907 625 992 679 cun-

174 725 195 775 a
228 725 274 776 ex
306 700 463 773 minimis
497 701 630 774 atomis
666 699 841 797 componi
870 695 994 777 assere·

134 800 236 875 bant.
287 796 525 896 Empedocles
539 795 722 872 liberalior
737 797 827 885 suit,
855 796 892 872 ἀ
916 820 992 873 ont·

133 901 196 974 nia
224 918 384 994 quatuor
409 897 593 971 elementa
616 897 654 970 in
680 896 840 970 materiae
866 898 993 994 primae

117 995 358 1073 'consortium
398 991 559 1070 adscivit.
619 997 718 1070 Non
752 996 873 1069 minor
904 1004 993 1094 ferat

132 1098 232 1173 circa
266 1086 443 1197 sormam'
460 1092 515 1183 iis¹
540 1097 578 1170 &
615 1116 737 1192 pugna
771 1091 991 1192 sophorum,

132 1193 313 1291 aliquibus
344 1218 426 1269 eam
452 1218 473 1266 a
505 1192 659 1267 materia
682 1188 781 1266 aliud
805 1192 895 1292 quid
919 1190 993 1269 esse

132 1292 336 1368 distinetum
353 1293 679 1382 contendentibus,
705 1290 893 1392 aliisveto
910 1313 994 1370 eane.

133 1392 218 1467 dem
243 1391 313 1468 esse
328 1416 482 1493 ‚remae
506 1395 682 1469 virtutem
715 1394 876 1467 matetiae
907 1412 994 1467 con·

131 1492 295 1593 genitam
323 1491 572 1567 afferentibus.
637 1492 851 1566 Aristoteles
899 1512 991 1567 vero

130 1609 270 1665 natutae
296 1589 492 1685 vestigator
517 1587 732 1672 acerrimus,
759 1587 898 1680 primus
919 1588 991 1662 trie

130 1707 332 1780 corporum
359 1682 534 1780 principia
559 1681 735 1771 distinxit,
762 1682 897 1760 scilicet
919 1709 990 1759 mn·

131 1785 266 1861 teriam
289 1830 302 1871 ‚
324 1781 490 1874 formant
523 1781 562 1856 bt
578 1781 852 1880 privatione-mr
893 1782 992 1858 nulla

71 1923 76 1937 ·
131 1883 231 1962 enim
264 1904 321 1955 res
348 1883 384 1955 in
409 1879 559 1953 aiteram
585 1881 821 1954 transmutari
857 1878 991 1977 potest,-

130 1982 156 2057 fi
182 2005 255 2057 non
281 1981 430 2055 abeunti
455 1979 519 2052 uni
545 1975 673 2053 forma
696 1977 733 2051 in
758 1979 911 2052 materia
935 2001 992 2053 re·

130 2100 304 2156 manente
343 2077 510 2153 succedat
540 2076 645 2167 alia,.
672 2069 710 2150 id
742 2080 844 2175 quod
874 2074 990 2179 exigit

130 2175 327 2255 necessario
358 2178 633 2277 privationem,
663 2175 743 2272 ⁴seu
792 2173 991 2272 absentiam

131 2279 259 2354 formae
286 2275 403 2364 iliius,
431 2298 510 2374 quae
537 2278 695 2374 primum
721 2275 924 2364 adventat3
950 2274 990 2351 ἃ

121 2379 202 2451 ¹hac
228 2371 370 2448 ratione
395 2396 548 2472 magnus
574 2373 636 2465 iile
661 2372 900 2471 Philosophus
927 2395 989 2448 nm

131 2473 332 2550 biliffimam
355 2481 538 2571 quandam
564 2473 837 2573 &generalem
866 2473 989 2549 ideam

129 2576 235 2650 uobis
262 2573 503 2670 suppeditavit
527 2575 601 2659 rei,
648 2597 728 2671 quae
753 2572 791 2645 in
816 2572 988 2648 omnibus

129 2673 392 2749 mutationibus
405 2695 475 2769 per
496 2693 618 2751 totum
642 2691 780 2746 naturae
805 2675 988 2765 'ambitum

79 2822 82 2827 -
129 2772 426 2869 contingentibus
451 2769 737 2863 accitiere'solet.
789 2773 843 2844 ita
858 2766 895 2842 in
934 2768 987 2857 ri·

125 2865 233 2973 cipiis
260 2868 522 2952 constituendis
549 2869 692 2966 pridem
719 2870 880 2963 Veteres
906 2794 996 2941 ῐξὴὶι·

126 2968 269 3069 iosophi
294 2971 333 3043 in
365 2964 528 3045 diversas
558 2967 707 3042 abivere
730 2980 871 3065 ‘partes
920 2968 987 3039 Po·
1026 2965 1030 2971 ’

128 3069 267 3144 stremis
289 3078 414 3143 autem
440 3068 840 3165 temporibus'quidam
876 3063 987 3161 sepul·

129 3187 184 3246 tas
198 3164 530 3270 diuAntiquiotum
547 3163 728 3273 spurinae
745 3166 841 3275 inter
857 3164 890 3239 se
910 3185 985 3240 tan·

890 3273 894 3284 ‘
927 3282 996 3340 tu-
