2136 3698
480 42 507 83 S

153 176 238 263 130
269 145 361 260 Cup.
388 145 466 259 Ill.
522 141 693 256 Iustum.
709 138 974 262 describendo,

75 338 79 349 =
151 300 257 381 Citra
277 294 430 369 modum
455 311 604 392 peccat,
632 282 695 391 q'ui
716 291 777 369 uel
803 294 1003 392 ignoratio·

150 418 198 473 ne
223 417 369 482 rerum,
394 390 455 467 vel
478 393 630 468 omnino
654 389 750 466 mala
773 388 846 465 fide
871 394 1004 467 reticet

151 487 1005 592 wfflfflmfflmfflmmmm·

35 598 39 604 '
99 626 107 642 s
151 594 260 683 dem,
287 617 309 666 a
333 614 405 690 quo
431 587 589 666 alienum
615 586 688 687 ipse
712 590 808 697 gerit
822 591 1004 677 animum,

151 693 285 768 cedere
310 691 443 765 merito
469 685 628 788 pollent,
656 687 714 763 seu
740 687 786 761 ad
810 686 926 776 iliius,
946 711 1008 760 eu·

151 789 210 885 jus
236 786 398 889 partibus
430 789 584 862 nimium
614 783 875 888 addidius'est,
912 789 1008 860 vitu·

152 890 296 992 perium
326 900 370 962 ac
402 884 718 986 reprehenfionem
749 885 932 986 pertinere
957 887 1008 960 vi·

152 988 299 1062 dentur.
349 985 522 1082 Exempla
549 988 742 1084 utriusque
767 984 943 1059 habemus
968 984 1008 1071 iu

151 1079 398 1186 prestantibus
424 1083 621 1178 caeteroqui
648 1081 881 1180 scriptoribus
909 1103 1008 1158 vete·

154 1186 205 1258 ris
236 1206 279 1256 ac
308 1177 417 1254 nostri
451 1179 531 1251 aevi.
590 1175 827 1277 Thucydides
860 1183 1010 1276 quidem

151 1281 240 1369 dum
266 1296 388 1353 narrat
413 1276 489 1376 (d),
512 1274 781 1375 Antiphontem
806 1279 1011 1356 Rhetorern

103 1463 106 1470 ‚
151 1377 333 1454 solvenda
362 1374 638 1450 Athenienfium
663 1377 908 1452 Democratiae
941 1379 1010 1452 im-

150 1480 353 1576 portunum
388 1469 574 1549 auclorem
615 1473 805 1565 exstitisse,
855 1477 1010 1552 studiose

153 1571 347 1650 diffimulat
372 1573 611 1672 supplicium,
656 1587 729 1672 quo
762 1576 1010 1661 temeritatem

151 1671 251 1748 suam
277 1672 378 1748 luere
406 1669 746 1772 debuit„,Antiphon
760 1718 774 1763 ‚
809 1693 850 1745 ut
875 1696 896 1743 a
921 1671 1007 1748 feris

126 1769 377 1861 laniaretur,
415 1767 622 1870 projeetus:
668 1774 705 1846 dr
746 1777 819 1847 hoc
853 1771 1009 1869 quidem

87 1906 90 1911 >
151 1895 279 1946 amore
298 1871 533 1969 l'raeceptoris
561 1868 610 1944 sui
635 1868 768 1943 fadium
798 1867 848 1945 est
873 1873 1010 1945 aThu·

151 1952 297 2068 cydide.
359 1969 500 2044 Contra
539 1966 719 2065 Sallustius
755 1967 920 2044 Catilinae
959 1969 1030 2079 so,-¹

152 2075 366 2166 ciorumque
405 2067 694 2161 coniurationem
730 2067 935 2143 luculenter
970 2069 1045 2145 ἃ·

151 2168 324 2265 graphice
351 2165 542 2253 describit,
566 2166 619 2240 ita
641 2184 789 2256 tamen,
816 2185 858 2242 ut
883 2166 1008 2242 omnia

152 2260 243 2350 illa,
277 2285 357 2359 quae
388 2264 434 2335 ad
468 2265 662 2338 Ciceronis
689 2268 898 2352 encomium
934 2264 1006 2363 spe·

151 2358 281 2446 ciant,
316 2360 379 2459 qui
403 2359 542 2459 primus
566 2383 647 2435 eam
674 2365 841 2454 detexit,
878 2386 921 2437 ac
946 2385 1007 2459 po·

151 2457 305 2533 stremus
329 2454 528 2630 opffreffit,
559 2460 646 2536 dolo
672 2463 770 2537 malo
796 2463 1008 2563 praetermit-

152 2563 219 2631 tat.
283 2557 367 2633 Con
397 2575 435 2632 at
468 2558 593 2647 enim,
636 2563 807 2636 Senatum
841 2583 921 2633 eam
957 2565 1008 2640 ol>

150 2679 232 2730 rem
266 2654 440 2733 Ciceroni
480 2656 657 2733 solemnes
698 2658 831 2758 gratias
874 2657 1004 2757 egille,

94 2811 103 2821 -
150 2750 301 2832 Patrem
323 2755 449 2830 Patriae
473 2755 728 2844 consalutalle,
765 2779 807 2828 ac
835 2752 1006 2856 supplica·

149 2855 293 2928 tionem
320 2852 526 2928 decrevisse.
562 2857 649 2927 ,Sed
674 2854 720 2927 de
745 2851 801 2927 his
827 2854 939 2928 altum
967 2854 1007 2928 sr-

150 2950 334 3026 lentium:
367 2954 535 3027 nimirum
561 2972 604 3024 ut
627 2951 721 3042 Julio
755 2954 885 3028 Caelari
909 2951 1006 3030 fave·

148 3048 227 3138 rtt',
253 3049 317 3146 qui
338 3050 501 3143 ejusdem
525 3051 788 3144 conjurationis
807 3054 901 3128 ciam
918 3076 1003 3128 reus

160 3213 212 3231 ..
855 3134 1001 3264 „elle

192 3253 248 3339 (d)
270 3249 341 3339 Lib.
351 3265 383 3331 8.
398 3247 466 3326 bill.
478 3246 611 3348 Pelopon.
