2130 3706
351 137 642 276 Dipiumurmra
742 258 753 291 x
845 186 928 279 ¹43

65 332 203 399 manu,
238 324 353 408 prout
374 307 561 385 literarum
587 324 667 382 erat
682 322 684 329 ·
698 307 838 409 peritus
864 333 931 400 aur
1057 354 1059 360 ·

70 411 172 487 rudis
196 442 235 497 ,·
295 410 458 506 roprium
505 405 728 483 adscribebat
770 432 930 489 nomena
1000 498 1002 507 ¹

71 509 176 606 Quin
201 431 384 582 Caeiarum
408 528 512 605 aeque
535 528 580 580 ac
604 504 857 585 Conciliorum
879 510 930 586 le·
971 510 1002 611 s

94 611 175 681 ibus
198 603 374 682 statutum
408 601 511 695 fuit,
552 621 595 678 ur
628 600 652 675 fi
685 603 766 702 quis
792 608 929 686 ducere

66 631 194 794 ineas,
220 700 549 801 nomenquesuum
573 701 757 798 nequiret,
783 705 820 777 id
845 716 927 806 qui·

68 804 156 879 dem
187 826 253 908 per
287 801 400 877 alium
432 799 569 887 fieret,
611 797 666 873 ita
696 817 844 894 tamen,
885 826 930 885 ut

67 901 159 1000 ipse,
186 901 288 995 cujus
313 897 512 984 intereffet,
538 898 657 972 crucis
682 897 821 1000 fignum
848 902 929 978 sua-

68 1021 133 1117 pte
158 1022 271 1074 manu
299 1015 540 1097 praeponeret.
599 997 697 1073 Tum
731 1021 823 1075 vero
862 1004 929 1078 hu-

67 1098 228 1196 ‚asmodi
254 1095 402 1197 [impliei
435 1107 545 1173 cruce
571 1095 691 1195 Reges
717 1118 761 1173 ac
795 1099 938 1177 princi-¹

47 1193 136 1297 'pes
161 1219 237 1271 non
271 1194 439 1272 contenti
473 1195 627 1269 eandem
660 1192 927 1289 instruxerunt,

70 1313 372 1395 ornaveruntque
412 1294 572 1374 nominis
616 1291 670 1369 sur·
707 1292 822 1375 literis
863 1299 937 1394 ipsu

62 1397 172 1471 ,eruci
204 1394 367 1471 adnexis.
442 1392 559 1469 Porro
591 1390 768 1470 existimat
800 1397 929 1477 Mabil·

71 1488 215 1584 ionius,
257 1517 388 1570 omnes
418 1492 459 1568 &
484 1491 638 1591 singulas
662 1490 821 1569 nominis
846 1494 928 1572 lire·

68 1593 187 1666 rasin
221 1595 543 1694 Monogrammare
575 1590 755 1667 contineri
781 1593 928 1681 debere.

15 1770 22 1777 ,
70 1690 146 1763 Sed
180 1712 226 1764 ex
257 1687 421 1767 addudiis
464 1713 486 1765 a
521 1689 773 1791 Papebrochio
808 1715 928 1769 exem·

68 1785 143 1884 plis
182 1785 301 1859 rursus
333 1787 503 1876 constat,
541 1788 616 1867 hoc
657 1790 751 1865 adeo
784 1791 926 1869 necesse

72 1903 151 1955 non
176 1877 264 1968 eise,
294 1899 339 1955 ut
363 1906 437 1980 quo
463 1884 668 1983 antiquiora
692 1888 773 1963 sunt
797 1891 929 1965 Mono-

70 1996 304 2082 grammata‚
322 2042 325 2049 Δ
345 2001 392 2054 eo
430 1977 567 2059 fuerint
591 1984 659 2070 ,fin
686 1987 838 2079 liniunt,
888 1990 930 2067 do

71 2078 192 2155 crucis
235 2075 360 2150 fiurae
392 2073 580 2171 fimilioraq
682 2089 731 2162 ud
764 2087 927 2178 certius,

71 2180 231 2278 primum
260 2101 368 2255 iuiffe
407 2171 583 2251 Catulum
613 2179 678 2255 M.·
704 2189 766 2281 qui
799 2210 929 2264 mono⁴

73 2277 284 2378 grammaria
300 2275 423 2353 ,uium
455 2275 493 2348 in
531 2273 730 2373 diplomata
761 2285 929 2376 invexit,

73 2375 267 2475 quinique
287 2377 333 2449 ad
344 2374 566 2454 fridericum
581 2373 641 2449 ΙΙΙ.
663 2378 715 2451 Im
741 2404 927 2463 errrorem

73 2476 310 2551 continuatus
328 2473 410 2555 fuit.
458 2475 605 2548 Verum
625 2470 695 2571 alia
714 2402 826 2555 iacies
849 2487 929 2560 Mo·

73 2593 369 2671 nogrammatum
415 2570 500 2648 ·fuir
558 2573 656 2675 apud
719 2572 928 2659 Pontifices.

75 2674 225 2845 Quipqe
248 2672 285 2744 in
309 2695 439 2751 eorum
470 2670 577 2746 bullis
608 2670 751 2749 nullum
775 2674 928 2775 adparet

73 2790 161 2845 anre
216 2769 317 2846 eonis
333 2774 400 2847 IX.
425 2788 603 2865 tempora
652 2773 726 2849 Hic
749 2794 825 2849 non
849 2798 929 2855 eru·

76 2872 129 2943 eis
155 2868 214 2942 sed
245 2869 371 2943 circuli
404 2869 557 2968 figuram
588 2868 730 2972 elegit,
772 2872 833 2946 cui
863 2900 928 2953 uo·

75 2991 162 3041 uem
186 2968 289 3040 suum
315 2967 508 3065 inscripsn,
531 2989 616 3043 cum
645 2970 843 3143 epffaphe
868 2999 932 3072 ge·

75 3070 202 3141 minas·
218 3068 313 3140 intra
338 3088 466 3142 cruces
480 3062 661 3166 expreffaa

77 3166 211 3264 quibus
232 3164 511 3270 murmures
542 3164 642 3265 Petri
674 3166 714 3246 dr
736 3167 837 3257 Pauli
862 3193 929 3285 no·

584 3332 587 3337 ·
706 3290 709 3299 '
824 3288 926 3349 mma

735 3094 778 3145 ne
795 3067 929 3163 valete,
1038 3078 1043 3093 '
