2136 3698
119 176 205 266 114
346 148 438 264 Cap.
464 149 540 265 IV.
599 146 766 255 Notum

110 316 181 403 pta
210 295 415 389 definitione
446 268 624 377 ambiebre
655 297 844 371 conaverit
874 348 894 372 ..
919 345 967 375 0.
999 364 1002 381 ,

116 394 281 577 {panon
310 394 468 471 Domino
471 395 682 568 bfinceriter
709 390 968 489 destroirede·

156 511 223 571 ont
247 532 261 569 .-
284 545 295 568 .
322 545 333 568 .
363 519 441 569 cum
495 519 536 579 oe
559 490 748 591 adimplere
767 490 970 591 spondedis-

110 592 180 697 set.
205 647 216 668 .
242 594 254 668 .’
278 650 288 668 .
311 593 372 671 vel
390 594 431 666 in
452 586 617 689 ee'ceuſjz
634 591 860 686 introoe'ffet,
884 614 968 690 pto,

115 698 154 769 in
182 695 276 765 hanc
298 690 448 775 causam¹
464 687 719 765 introivisset..
744 741 755 760 .
781 715 873 765 ‚nec
887 691 969 793 qui·

113 787 204 868 liber
226 786 266 879 de
282 805 392 891 parte
414 784 500 882 fisce
522 789 638 880 nostri
662 790 860 889 requerire,
901 812 967 865 nee

114 904 304 967 executore
332 903 483 989 penetus
513 912 584 962 non
618 883 868 986 prosternatis,
891 890 967 963 &a

93 990 206 1067 ·Haec
231 990 267 1061 ἃ
290 986 411 1063 fimilia
427 985 629 1065 ,latinitatis
659 1003 838 1082 corrupte
860 985 968 1073 cime-

115 1086 164 1163 lia
202 1088 240 1160 in
277 1087 445 1161 omnibus
481 1083 558 1158 fere
595 1083 791 1183 priscorum
826 1102 969 1183 tempo·

113 1208 197 1261 rum
235 1183 495 1282 diplomatibus
533 1178 583 1257 est
622 1183 825 1268 invenire,
868 1204 968 1259 nune

113 1283 382 1380 frequentiora,
415 1304 515 1355 nunc
541 1278 724 1381 pauciora.
783 1280 971 1381 Metovln'

141 1383 238 1454 icum
260 1403 378 1463 aevum
407 1376 455 1453 nil
485 1378 546 1453 nili
570 1377 790 1454 soloecismos
820 1378 859 1455 ἃ
889 1382 967 1455 btt-

112 1406 286 1553 iarirmos
318 1478 511 1576 parturiit,
544 1477 752 1553 commixtis
778 1477 826 1551 in.
851 1500 966 1555 unam

110 1576 324 1669 scripturam
346 1578 454 1650 variis
477 1574 663 1677 linguis&
679 1578 846 1650 vocibus.
898 1574 972 1671 Cot¹

111 1674 295 1777 rolingicis
336 1676 562 1774 temporibus
609 1672 759 1747 abstersa
798 1672 964 1769 nonnihil

112 1774 294 1848 barbaries
316 1773 409 1865 fuit,
443 1774 482 1847 &
506 1770 671 1873 pristinus
695 1774 792 1846 nitor
815 1794 965 1850 revoca·

111 1891 200 1962 tus3
242 1872 299 1946 sed
327 1895 400 1945 non
434 1894 557 1969 paucae
584 1872 759 1946 barbarici
787 1868 963 1946 sermonis

109 1971 269 2067 reliquit
309 1968 378 2043 iliis
414 1969 650 2044 adheserunt.
726 1967 963 2061 Postmodum

110 2069 173 2141 sub
199 2068 323 2144 Caroli
355 2068 607 2143 successoribus
634 2068 751 2163 major
771 2071 809 2144 in
834 2090 963 2167 expur-

109 2167 229 2265 ganda
272 2167 449 2240 latinitate
491 2166 652 2239 adhibita
701 2165 751 2239 est
797 2166 964 2257 cultura,

109 2289 219 2360 quam
243 2267 352 2339 etiam
372 2264 579 2363 ¹Germania
602 2289 621 2335 a
648 2260 762 2365 regno
785 2266 961 2341 Francico

109 2362 231 2457 avulsa
261 2363 431 2460 suscepitt
467 2362 700 2437 nihilominus
734 2365 822 2438 dum
844 2368 962 2459 ,Nota-

109 2463 157 2534 'n‘i
193 2485 235 2535 ac
259 2459 379 2534 scribae
407 2458 534 2533 latinas
565 2485 677 2536 voces
712 2464 756 2535 ad
787 2486 959 2538 vernacu-

109 2558 182 2632 lam
206 2559 365 2659 linguam
391 2557 638 2657 implicarent,
662 2558 805 2635 faetum-
824 2559 895 2649 est,
915 2579 960 2635 ut

108 2655 226 2730 multa
255 2653 429 2730 vocabula
463 2656 522 2731 vel
553 2658 686 2733 elatio
715 2658 863 2749 aliene,
899 2656 960 2734 vel

106 2760 223 2853 patria
252 2756 287 2828 in
317 2752 465 2829 latinam
492 2756 785 2832 terminationem
814 2754 960 2833 c'ontot·

105 2873 144 2926 ta
182 2850 388 2947 irrepserint
422 2876 506 2928 cum
538 2854 617 2927 aliis
644 2854 775 2957 lingue
804 2857 959 2933 Theoti·

13 2979 15 2983 ·
101 2951 433 3039 statuminibus,
468 2975 672 3051 quoe-neoc
701 2956 846 3053 penitus
872 2979 958 3031 exo·

102 3049 283 3125 leverunt.
310 3096 312 3101 ,
333 3048 451 3146 Hujus
475 3070 596 3131 autem
620 3053 704 3131 mali
730 3053 863 3149 triplex
889 3055 957 3131 oti·

100 3169 150 3245 go
173 3146 262 3238 fuit,
288 3149 405 3247 prime
428 3166 508 3225 eret
527 3150 665 3231 tudites
687 3150 805 3229 seculi·
856 3156 957 3241 Nam

153 3310 155 3315 ·
349 3268 353 3277 “
739 3324 742 3331 -
837 3275 953 3355 qimi*
