2136 3698
41 202 46 210 ‹
101 216 105 223 .
236 135 321 230 b*
347 132 710 253 legendulitstoria.
850 169 932 259 143

26 309 29 312 ⁴
66 282 147 371 III.
181 309 281 360 num.
315 283 464 359 XXIII.
499 287 699 371 Nobilitas,
724 286 777 363 eli
809 291 933 367 chara·

65 385 147 460 &er
169 382 343 459 Historici
355 435 369 474 ,
407 409 521 485 ⁸quem
546 386 744 462 meminisse
762 409 930 489 oportet,

64 483 170 583 quod
199 485 270 559 toti
291 486 453 573 mundo,
501 482 540 557 ὃ(
576 509 649 561 non
672 489 736 562 uni
761 510 927 580 tantum,

64 584 126 659 sed
154 583 266 682 longe
284 580 447 682 pluribus
467 581 593 658 seculis
619 584 769 677 scribat,
811 588 849 663 &
869 612 929 662 ve·

66 682 133 758 luti
151 679 327 782 loquatur
341 682 501 781 Regibus
510 731 525 772 ,
544 681 790 780 Principibus,
807 687 928 762 Gran·

67 783 199 871 dibus,
234 777 349 856 doctis
373 781 412 857 &
439 780 591 853 eruditis
608 785 789 857 variatum
812 788 929 860 natio·

65 905 156 957 num
172 881 212 953 dt
227 898 395 968 aetntum,
420 898 531 976 atque
546 897 588 965 ut
602 881 652 953 ita
670 877 787 956 dicam
794 926 807 969 ,
842 904 929 978 prat·

69 999 260 1082 ceptorem
301 997 387 1079 agat
422 979 536 1052 totius
577 985 725 1077 generis
766 979 928 1053 humani.

68 1082 315 1155 Hancautetn
339 1074 566 1173 nobilitatem
589 1075 832 1176 adsequetur,
862 1083 929 1176 pri·

67 1203 171 1255 mum
251 1174 433 1250 adsuescat
463 1172 600 1249 nonnisi
626 1200 777 1277 magnas
803 1179 929 1253 animo

69 1278 177 1353 conci
204 1274 391 1351 ere'ideas
418 1274 464 1348 de
497 1274 566 1348 iliis
581 1321 594 1363 ,
633 1299 723 1374 ·qoae
749 1278 929 1350 narranda

67 1370 339 1473 judicandaque
354 1386 571 1448 occurrente
606 1375 690 1449 dein
709 1375 732 1448 fi
750 1376 929 1451 humilem

66 1473 267 1553 didion'em
286 1519 299 1562 ,
325 1475 504 1569 nonisque
520 1469 732 1548 familiarem
747 1475 924 1572 deponat,

65 1590 110 1650 ut
122 1568 340 1672 respondeat
361 1567 526 1672 dignitati
546 1578 668 1646 rer'um
688 1573 846 1672 dignitas
862 1572 930 1646 ser·

64 1676 233 1766 monis„
253 1690 329 1770 quo
358 1669 436 1743 illas
473 1673 665 1768 exprimit:
726 1675 876 1746 demum
904 1670 929 1745 fi

66 1772 212 1851 studeat
225 1793 290 1869 per
312 1760 541 1843 selectionem
567 1773 764 1845 verborum
782 1771 928 1866 pondus
980 1790 984 1797 ’

65 1873 205 1949 addere
229 1869 531 1968 cogitationibus,
574 1869 612 1943 dt
646 1870 723 1950 vim
746 1869 930 1965 quandam

67 1995 113 2046 ac
130 1968 387 2044 fortitudinem
412 1967 636 2052 narrationi,
679 1963 814 2042 solicite
831 1965 932 2038 inve·

67 2064 232 2168 stigando
260 2067 558 2166 promendoque,
609 2062 785 2173 quidquid
809 2063 931 2138 chara·

67 2163 207 2242 &erem
220 2165 434 2264 granditatis
456 2165 653 2258 inprimere
685 2160 802 2260 poteli
819 2163 930 2237 rebus

70 2264 247 2341 dicendis.
294 2263 423 2336 Paucis
451 2262 545 2334 hanc
574 2262 699 2337 dotem
720 2258 931 2359 compietii·

71 2383 155 2452 tut,
183 2360 269 2435 duni
295 2362 349 2457 (ι’)
383 2361 428 2433 ad
455 2359 701 2458 eloquentiam
727 2360 765 2433 ln
791 2357 931 2433 histoti-
978 2382 981 2395 ·

72 2488 118 2540 co
145 2462 322 2560 requirit,
362 2474 405 2532 ut
426 2458 481 2554 stt
513 2483 656 2557 niagno,
697 2481 767 2532 non
792 2459 931 2543 nianin,

61 2557 236 2655 'fitblimis
258 2584 328 2632 non
350 2554 530 2655 abrupto,
554 2559 679 2649 fortis
699 2580 769 2629 non
785 2570 931 2630 temera·

73 2664 160 2748 rie,
197 2656 330 2754 severa
352 2682 422 2731 non
441 2655 609 2756 turgido,
652 2659 785 2742 verbo,
825 2676 867 2726 ut
891 2654 932 2725 stt'

73 2756 230 2847 nobilis,
262 2781 337 2830 non
361 2755 512 2856 plebeia.
564 2755 644 2827 Hac
671 2755 809 2827 virtute
828 2748 933 2824 histo·

75 2861 148 2936 tica
165 2859 265 2932 inter
286 2853 439 2928 Graecos
459 2851 717 2946 Thucydides,
752 2852 850 2923 inter
868 2849 933 2921 Le·
968 2863 985 2937 ς,

76 2960 171 3035 tinus
184 2956 294 3032 Titus
321 2951 448 3027 Livius
471 2953 647 3037 eminuit,
690 2947 752 3046 qui
770 2945 846 3021 fere
870 2945 933 3042 soli

75 3079 178 3158 pares
229 3051 380 3127 luerunt
430 3049 640 3126 sustinenda
681 3044 932 3163 aequabilitatis

834 3167 935 3244 inge·

115 3268 179 3359 (t)
203 3254 341 3334 otia.
358 3228 473 3362 m„
