2136 3698
384 165 598 288 sistericen
859 162 923 295 3'7

54 322 312 399 nomnium
329 339 432 416 aeqoe
446 344 490 397 ac
499 322 735 408 Graecorum,
759 318 811 398 ob
826 344 919 422 qnae

10 466 26 491 .·
56 414 335 520 praesttntisstmi
361 419 533 495 Histotici
561 444 699 497 nomen
719 422 817 518 apud
841 416 920 498 om·

33 545 37 600 ξ
55 543 119 595 nes
138 516 317 593 obtinuit.
367 520 517 618 Quippe
535 536 614 594 tum
635 518 820 637 pubiicum
836 538 919 597 tum

54 620 240 715 ptivatam
268 619 401 690 horum
427 618 545 693 vitum
571 619 617 691 nd
639 618 801 715 postitiae,
826 635 918 693 tem·

10 792 16 811 ,
55 718 252 891 perantia,
272 716 498 816 prudentio,
519 739 563 791 ac
579 712 801 792 fortitudinis
814 713 917 815 leges

10 830 14 841 '
68 813 201 902 olicite,
216 814 414 912 expendit,
438 815 537 888 unde
553 834 640 889 veta
680 811 770 890 lotia
786 812 825 888 ἃ
842 815 916 891 exi·
977 812 981 819 ’

19 932 22 937 ·
56 911 215 1009 stirpatio
233 912 424 987 dimanatt
461 916 496 987 &
514 910 602 986 licet
625 838 693 987 sisi
709 911 802 986 tutio
818 912 918 1008 apud

58 1008 298 1085 Plutarchum
314 1032 384 1084 nec
398 1007 568 1113 elegans,
594 1030 664 1087 nec
686 1006 846 1082 sublimis
864 1010 918 1083 vi·

59 1110 212 1196 dentur,
239 1109 370 1182 miram
396 1126 520 1184 tamen
535 1109 613 1184 vim
632 1108 745 1184 habet
765 1127 918 1205 perpau-

57 1207 231 1284 tistitus
247 1229 371 1280 retum
383 1202 580 1306 imagines,
605 1204 794 1306 sensusque
811 1228 918 1304 gran·

58 1307 120 1380 des
147 1305 401 1404 exprimendi,
435 1307 472 1379 &
506 1305 587 1381 suot
620 1306 732 1382 etiam
766 1304 915 1380 aculeos

55 1398 257 1505 defigepdi.
307 1399 388 1478 Post
413 1403 481 1478 hos
506 1404 733 1480 memorandi
759 1404 916 1478 veniunt

10 1496 14 1507 ’
57 1507 258 1589 Arrianus,
284 1500 346 1598 qui
367 1500 503 1603 septem
521 1499 632 1578 libros
653 1502 700 1575 de
716 1502 918 1600 expeditio·

57 1625 102 1676 ne
120 1599 325 1675 Alexandri
337 1601 390 1674 M.
408 1601 593 1690 exaravit,
617 1598 796 1692 (osiavus
816 1601 918 1675 enim

58 1696 104 1775 de
136 1699 252 1772 Indiis
286 1695 354 1787 est,
379 1698 484 1772 velut
507 1697 671 1796 priorum
702 1699 917 1799 appendix)

58 1799 95 1874 ἀ
113 1798 168 1872 ob
187 1795 255 1870 stili
275 1799 527 1870 amoenitatem
547 1799 635 1873 novi
655 1794 919 1894 Xenophontis

58 1919 198 1972 nomen
213 1896 366 1992 adeptus
385 1894 456 1968 est:
483 1898 685 1995 Appianus,
710 1897 919 1990 quiRoma·

59 2020 145 2068 num
165 1991 350 2071 historiam
371 1991 538 2093 vulgavit
556 1996 594 2066 in
614 2012 672 2066 tot
697 1992 807 2065 libros
829 1990 919 2066 divi·

60 2093 153 2180 sam,
182 2109 278 2191 quot
302 2092 468 2166 nationes
502 2091 601 2178 sunt,
638 2113 727 2187 quas
759 2089 918 2167 Romani

17 2231 24 2247 -·
60 2190 294 2288 subegerunt.
343 2191 506 2265 Pretium
537 2187 658 2263 ferunt
680 2187 757 2279 ejus
785 2190 918 2275 oratio·¹

10 2332 12 2339 ·
61 2313 126 2363 nes
147 2289 196 2361 ad
214 2287 449 2362 concitandos
473 2286 630 2361 militum
653 2289 791 2362 animos
808 2289 920 2386 aptis·

10 2422 12 2427 ·
63 2386 181 2461 fimae:
232 2388 303 2461 Dio
330 2408 416 2461 enos
428 2387 592 2461 Laertius
615 2385 918 2483 Philosophorum

10 2552 15 2567 ,
62 2487 158 2561 vitas
174 2483 274 2558 libris
293 2410 420 2559 secem
438 2482 643 2581 spetiandas
656 2485 840 2573 exhibuit,
853 2484 917 2582 qui

62 2581 739 2756 sisinii?titiosiissfffliiiiiss‘
755 2583 918 2756 hihi

14 2764 17 2771 .
734 2733 747 2770 2

11 2782 19 2853 ,ἑ
63 2780 107 2855 nb
146 2780 254 2854 obitu
286 2780 338 2855 M.
369 2778 506 2853 Aurelii
538 2802 654 2876 usque
687 2783 732 2855 ad
752 2780 919 2861 ,Gordin-

63 2901 152 2953 num
181 2877 244 2950 111.
273 2877 470 2975 posteritati
503 2877 659 2975 reliquit.
722 2880 758 2950 Si
783 2877 941 2954 Photio‘
1025 2930 1033 2941 -

64 2974 154 3051 fides
181 2972 235 3049 est
249 3021 262 3064 ,
287 2975 425 3054 cunsiis
448 2976 617 3064 dotibus,
643 2997 723 3071 quae
748 2975 918 3052 historico

66 3074 313 3162 conveniunt,
338 3078 407 3148 rite
424 3072 607 3171 expensis,
631 3077 918 3170 paucosinveni-

67 3194 104 3248 te
122 3173 198 3261 est,
235 3173 299 3272 qui
324 3174 575 3250 Herodianum
607 3171 802 3273 superent:
844 3175 918 3246 Dio

466 3271 546 3367 C3
701 3292 704 3303 ¹
829 3274 926 3358 Cae.
