2136 3698
57 300 60 305 ,
154 204 242 312 1'50·
318 228 326 243 ··
360 199 451 315 Cap.
487 200 557 289 VI.
588 199 794 312 cognitio

154 352 249 437 AED.
274 349 388 426 CUR.
416 350 495 424 EX.
522 348 621 425 8.(3.
682 348 810 444 ι(ἳεῇυε
836 344 1009 422 Servilius

156 451 204 543 ad
232 462 446 548 perpetuam
470 445 635 523 lardarum
657 445 883 543 Floralium,
918 468 1012 543 quos

157 547 297 646 primus
312 546 486 638 instituit,
529 548 735 621 memoriam
751 553 934 620 nulm'sma
952 546 1016 619 ob·

147 646 286 736 tinuit,
314 645 352 718 in
370 646 474 742 cujus
490 663 594 744 parte
609 646 793 720 anteriore
812 643 917 740 ipfios
940 640 1012 717 effi·

156 744 236 845 gics
262 765 347 816 cum
373 767 510 819 corona
535 767 582 818 ex
601 740 771 830 floribus,
809 742 847 816 ds
875 741 1013 840 epigra·
1039 820 1044 825 ,

155 842 249 942 phe:
274 841 482 921 FLORAI..
502 843 693 917 PRIMUS.
721 842 758 914 F.
776 837 923 914 Floralia
943 840 1015 936 pri-⁵

155 962 239 1016 anus
256 938 363 1014 fecit:
404 965 449 1016 ex
470 939 582 1014 altera
599 938 836 1014 droelites
854 937 1012 1012 Rotnani

60 1131 63 1137 .
157 1059 243 1113 cum
264 1035 368 1137 galea
386 1039 425 1113 dc
450 1038 582 1143 clypeo
611 1062 655 1112 ac
678 1037 839 1149 pugione
861 1056 1014 1111 cernun-

45 1174 49 1185 ·
156 1151 230 1210 tur·
334 1182 336 1186 ·
616 1147 617 1150 ’
702 1148 704 1153 ⁴
1034 1155 1037 1158 ⁴

27 1285 28 1289 κ
166 1240 176 1269 ⁶
207 1235 250 1306 L.
266 1228 393 1307 Manlii
408 1234 585 1330 Torquati
597 1233 768 1328 fraciam,
801 1254 875 1331 quo
896 1231 934 1306 in
950 1255 1013 1332 pu·

32 1380 34 1387 ·
159 1354 232 1431 gna
251 1328 375 1405 Nobili
402 1330 510 1405 Gallo
536 1351 710 1432 torquem
734 1355 755 1405 e
779 1329 874 1406 c'ollo
897 1332 1015 1405 detra·
1051 1422 1054 1427 Ι

87 1486 90 1491 -
159 1432 236 1519 xit,
262 1445 395 1526 torque
413 1430 481 1504 hac
495 1433 696 1530 marginem
716 1429 819 1503 numi
837 1449 1014 1503 coronan-
1057 1422 1060 1439 '

141 1542 218 1617 te,
245 1526 283 1601 dt
299 1529 430 1626 Equite
448 1547 589 1621 armato
612 1529 649 1605 in
665 1525 808 1603 cursum
826 1523 937 1600 effuso
956 1549 1016 1601 ex·

158 1624 317 1799 fressum
333 1626 492 1702 videtur.
539 1627 610 1702 lllis
627 1626 688 1726 qui
702 1626 808 1725 primi
823 1646 931 1726 agros
949 1625 1016 1698 mi·
1053 1706 1057 1715 ⁸

105 1722 108 1733 '
178 1722 284 1798 itibus
311 1721 561 1825 adfignarunt‚
597 1728 778 1811 honoram
806 1723 1015 1799 habuerunt

93 1866 96 1873 ·
160 1824 316 1916 Romani
332 1823 483 1919 ‚publico
505 1825 748 1913 numismate,
778 1823 882 1915 cujus
901 1819 1014 1897 facies

160 1922 286 1999 aversa
311 1924 509 2012 vexillum,
542 1923 726 2023 aquilam,
768 1938 949 2007 aratrum,
976 1921 1015 1996 δι

162 2020 432 2120 decempedam
453 2021 657 2109 referebat,
692 2040 736 2094 ut
754 2021 880 2094 videre
903 2017 953 2093 est
976 2020 1015 2094 ln

151 2141 278 2213 ¹numu
305 2120 357 2195 M.
379 2119 528 2197 Vinicii.
587 2117 739 2217 Elegans
764 2119 944 2191 numisma
966 2116 1016 2192 est

161 2218 216 2293 M.
233 2219 395 2294 Antonio
415 2216 575 2294 dicatum
597 2218 645 2292 ob
663 2212 925 2316 Rempublicom
938 2241 1017 2291 con·

27 2339 30 2345 ·
78 2384 81 2391 ,
153 2315 344 2408 stitutum,
373 2320 502 2414 inquo
526 2317 622 2390 orbis
642 2333 856 2416 comparet,
888 2319 947 2395 cui
966 2317 1016 2392 in·

94 2412 97 2424 '
165 2412 259 2489 fixus
274 2414 324 2489 est
341 2416 542 2503 cadurcus,
569 2439 680 2514 quem
701 2438 747 2489 ex
764 2433 919 2509 utraque
941 2438 1017 2510 par·

164 2529 204 2585 te
234 2514 401 2587 ambiunt
433 2508 687 2611 cornuacopiae
716 2534 807 2587 cum
830 2510 1016 2587 defluenti·

165 2609 233 2683 bus
252 2610 366 2686 fasciis
384 2612 727 2713 &prominentibus
745 2607 846 2708 spicis
860 2607 1019 2686 frumen·

164 2708 216 2885 {a
231 2708 432 2885 Plnzcjriptlo
449 2706 500 2805 est
517 2711 572 2786 M.
596 2710 711 2785 ANT.
737 2709 816 2817 iffi.
836 2709 895 2782 lll.
914 2709 1016 2784 VIR.

197 2906 502 3007 imperatorum,
557 2928 713 3004 quorum
751 2906 895 3011 egregio
910 2900 1017 2998 salla

166 3004 367 3097 immortali
383 3003 559 3078 memoria
575 3005 682 3104 digna
699 3009 910 3086 cenlcbant,
949 3004 1016 3078 ho-

167 3112 345 3179 norarunt
369 3103 532 3202 symbolo
547 3100 606 3178 seu
621 3103 809 3180 imulacro
825 3104 1017 3175 AEternita-

55 3238 59 3244 ·
164 3200 239 3289 tis,
273 3222 353 3300 quae
371 3204 549 3280 modoad
567 3222 646 3279 atas
670 3203 737 3280 stat
757 3197 1016 3376 expanfishlara·

905 3323 1015 3390 cns,
