2136 3698
1 195 3 200 ·
125 160 185 259 il
228 210 232 219 ,
447 150 546 270 Cap.
581 146 630 245 V.

123 336 128 345 ·
327 354 367 395 ,-
495 317 530 419 §.
557 320 605 396 n.

261 537 265 541 .
338 453 493 572 Phyfiea
509 449 769 574 ,universalia

500 654 619 733 XXI.-

123 787 320 925 physica,
342 810 453 887 quam
466 783 701 881 universalem
710 782 860 889 dicunt,
881 792 988 868 totns.

202 883 370 989 pleititur
401 909 462 962 eas
495 887 734 985 questiones,
773 888 814 960 in
847 888 979 987 quibui

120 988 299 1093 principia
315 986 478 1083 corporis
486 983 668 1062 naturalis
691 985 864 1081 omnibus
882 1009 978 1061 tom·

113 1085 266 1177 ¹tuunia,
290 1104 370 1158 tum
387 1087 588 1159 eorundem
608 1081 804 1182 qualitates
817 1081 878 1157 seu
894 1083 977 1160 affe·

121 1184 282 1281 &iunesa
309 1177 561 1277 divistbilr'tas,
569 1180 748 1283 porosttns
756 1231 768 1270 ,
782 1181 975 1276 rarcfiriiio

119 1278 428 1370 &condensatum
452 1296 588 1369 motus,
611 1284 802 1380 gravitas,
827 1281 976 1374 elnstici·

118 1399 197 1470 tas,
211 1373 453 1480 aequilibrium
463 1377 666 1472 strlidorum
685 1378 733 1458 θ’
739 1377 975 1482 liquidorum,

104 1504 161 1559 ,ac
189 1478 406 1554 eleiidcitns
446 1479 495 1551 ad
528 1479 705 1556 trutinam
744 1480 784 1554 ἃ
821 1484 975 1570 rationis

115 1580 156 1656 &
196 1575 535 1677 experimentorum
586 1579 851 1654 examinantur.
914 1579 974 1655 Ad

112 1679 231 1780 prima
266 1675 366 1776 quod
400 1675 542 1751 adtinet
575 1676 774 1776 principia,
823 1699 884 1752 rea
925 1677 974 1754 est

49 1788 51 1793 '
113 1779 282 1869 omnium
317 1770 530 1851 difficillima
554 1782 647 1850 certi
672 1776 873 1874 quidquam
907 1776 972 1852 sta·

112 1894 232 1965 tuere,
258 1897 374 1973 quum
398 1893 457 1951 tot
488 1873 554 1948 sint
587 1869 780 1973 opiniones
811 1872 970 1952 Phiiosu·
1049 1938 1051 1943 ,

58 2044 60 2048 .
112 1978 296 2076 phorum,
322 1991 415 2074 quot
438 1996 479 2047 ca
507 1973 558 2046 ita
576 1973 615 2048 &
633 1975 795 2073 ingenia,
821 1999 971 2077 quorum

157 2075 315 2163 inum,
341 2091 384 2147 ut
400 2071 452 2144 ait
506 2072 624 2157 'cer0‚
648 2097 728 2146 cum
756 2077 970 2149 tammam

164 2170 208 2260 τ’,
238 2185 377 2275 tamque
397 2172 498 2245 iuter
511 2170 556 2265 se
574 2167 790 2268 diffidentes,
815 2171 969 2249 alterum

103 2269 196 2363 fieri
218 2296 290 2345 non
299 2270 432 2370 potest,
459 2269 598 2370 utplus
610 2295 680 2344 una
697 2271 857 2366 verastt.
883 2275 969 2349 Cer·

107 2369 313 2447 tertullum
332 2366 402 2442 fuit
424 2367 671 2461 elementum,
699 2373 799 2470 quod
825 2395 901 2445 non
923 2392 970 2447 ex

107 2466 276 2568 antiquis,
306 2465 529 2566 Philosophis
546 2487 765 2567 „patronum
814 2469 966 2559 habuit,

106 2586 152 2644 ut
175 2561 410 2657 adufficiurn
436 2568 598 2640 materiae
622 2570 746 2667 primae
771 2591 966 2668 promove-

104 2685 220 2745 tetur.
269 2662 404 2752 Thales
413 2661 712 2767 Milesrusaquam
721 2666 853 2766 elegit,
869 2666 967 2748 forte

130 2760 191 2841 uia
222 2760 339 2838 facilis
376 2760 498 2837 estad
532 2768 711 2864 quamvis*
740 2765 896 2866 figuram
927 2767 965 2845 δι

144 2885 262 2938 ruram
284 2862 572 2947 admittendam:
621 2865 843 2942 Anaximeni
877 2865 964 2942 stan·

25 2983 28 2988 ·
56 2995 60 3001 -
104 2961 194 3040 tium
219 2962 342 3063 potius
366 2985 435 3060 pro
470 2986 560 3039 aere
587 2963 801 3056 videbatur,
833 2982 965 3066 utpote

102 3062 225 3140 adhuc
259 3058 426 3151 faciliore
458 3063 509 3136 ad·
538 3062 677 3138 formas
711 3087 875 3163 quasque
910 3086 964 3139 re·

105 3156 304 3263 uiuiendas.
329 3159 536 3243 Heraclitus
552 3159 750 3263 Epheiinus
769 3165 847 3265 igni
861 3164 963 3239 hune

739 3263 960 3348 ·h0·
