2136 3698
267 146 423 233 Rerum
441 114 821 234 eNumitmatibets
889 172 970 264 143
1000 93 1005 123 Ι

112 316 201 379 meu
227 292 365 398 Regum
388 297 529 394 (quum
554 297 701 370 nomine
734 297 808 372 hoc
831 301 971 397 populo

112 396 284 477 Romano
304 392 393 468 nihii
414 393 578 467 infestius
594 395 808 492 haberetur)
836 398 971 472 sedlm·

104 495 298 595 peratoris
314 490 454 585 adjedio
471 494 622 568 honoris
649 495 831 569 vocaburo
844 500 971 598 Augu·

102 594 179 684 sti,
214 594 313 692 quod
336 592 433 667 idern
452 612 531 665 erat
554 615 598 664 ac
621 590 767 665 Faustus
792 595 828 666 ἃ
843 601 971 694 Aurpi.

113 711 234 773 catus.
283 692 370 766 Hoc
394 689 509 790 ipsum
537 687 659 789 postea
686 690 725 762 in
748 713 876 767 omnes
904 697 984 768 im..

112 807 305 964 {crateres
321 787 635 888 estpropagatum.
684 785 847 892 Quarto,
872 791 980 871 idern.
1025 806 1027 811 ·

130 911 195 964 ere
228 889 385 987 contigit
403 950 404 954 ,
421 886 531 962 titulo
576 888 733 962 PATER
767 889 971 980 PATRIAE,

115 1010 191 1087 quo
217 987 328 1061 etiarn
351 985 603 1079 Ciceronem,
626 985 827 1085 ¹postquam
847 988 974 1063 Catili-

115 1108 172 1161 nae
190 1084 321 1160 savam
342 1084 632 1177 conjurationem
656 1086 793 1185 primus
814 1087 972 1175 detexit,

115 1207 278 1281 eumque
297 1209 317 1258 e
337 1187 486 1259 civitate
508 1183 640 1277 ejecit,
670 1185 719 1258 ob
737 1189 892 1283 patriam
910 1184 975 1259 ser·

116 1300 242 1357 vatam
268 1284 417 1358 ornavit
445 1279 622 1373 senatus,
652 1296 727 1379 ‘qua
753 1285 800 1357 de
835 1284 975 1380 reipsa

115 1376 263 1459 Tullius
288 1379 483 1480 magnifice
507 1379 705 1479 gloriaturi
740 1381 900 1458 Odtavio
924 1405 976 1456 ta·.

116 1500 204 1557 men
223 1481 414 1580 proprium
433 1474 503 1554 effe
529 1478 665 1567 voluit,
694 1504 715 1553 a
739 1503 813 1578 quo
833 1480 878 1554 ad
896 1481 976 1559 eeli-
1053 1551 1055 1555 ,

113 1598 216 1751 ἔασε
237 1598 387 1676 quoque
414 1580 658 1677 Imperatores
682 1578 847 1653 transsit·
889 1583 976 1654 Tra·

145 1696 213 1753 unt
226 1674 415 1753 Tiberium
437 1678 475 1752 dr
492 1679 681 1752 Neronem
705 1680 809 1752 initio
827 1677 976 1754 titulum

116 1770 218 1851 hunc
244 1773 447 1852 recusasset
494 1776 554 1855 sed¹
579 1797 624 1851 ex
655 1778 774 1851 numia
802 1779 975 1869 adparet,

82 1886 105 1942 5·
143 1876 221 1951 uod
251 1874 375 1974 postea
405 1891 493 1946 eum
524 1874 748 1946 admiserint.
836 1874 977 1973 Quinta

116 1897 160 2049 E
179 1974 231 2048 M.
256 1964 444 2048 Pontificis
466 1967 617 2044 Maximi
644 1992 791 2067 quoque
820 1970 981 2067 adpella-

117 2073 261 2147 tionem
288 2070 350 2145 fibi
376 2069 606 2144 adsciverunt
639 2067 820 2155 Caesares,
865 2092 981 2183 quum

117 2187 197 2246 non
221 2172 343 2251 minus
370 2167 635 2265 imperatores,
673 2190 782 2265 quam
812 2167 980 2269 Religiofi

118 2264 305 2368 Principes
344 2267 471 2340 haberi
503 2261 667 2354 vellent,
714 2264 889 2366 fimuique
920 2267 980 2364 jus
1047 2301 1053 2313 ·

118 2358 272 2444 infacta
300 2388 405 2464 aque
436 2387 479 2439 ac
502 2363 654 2463 profana
670 2363 729 2439 fibi
758 2387 982 2467 arrogarent.
1037 2390 1041 2403 ·

120 2464 194 2543 Sed
223 2466 484 2543 Constantinus
511 2466 564 2536 M.
590 2463 792 2560 reliquique
822 2466 982 2541 Caesares
1025 2550 1027 2561 ¹

86 2636 88 2640 ,
121 2562 316 2640 Christiani
352 2588 398 2638 eo
425 2562 486 2636 fibi
515 2559 594 2662 ipsis
610 2562 857 2651 interdixere,
894 2589 983 2640 non·

120 2662 183 2738 nifi
212 2686 326 2738 unum
358 2663 537 2736 summum
565 2657 785 2734 Pontificem·
803 2660 863 2736 seu
878 2663 984 2739 Chri·

121 2760 163 2837 sti
179 2762 217 2837 in
235 2763 341 2836 terris
360 2762 550 2836 Vicariurn
565 2756 824 2857 agnoscentes,
850 2768 911 2833 cur·
933 2759 985 2834 so·

81 2908 84 2913 »
121 2855 201 2935 lisu
230 2882 375 2937 remum
389 2860 448 2955 jus
465 2866 505 2931 in
526 2856 620 2929 sacra
641 2873 881 2950 competeret.

108 2952 110 2956 ¹
165 2883 297 3035 Afiatis
312 2959 502 3054 hueusque
516 2956 698 3029 honorum
720 2953 833 3026 titulis
855 2977 986 3030 omnes

122 3051 309 3156 v'ellcert'e
329 3054 420 3154 pleri
447 3076 494 3128 ue
522 3056 789 3150 imperatorum
813 3055 849 3126 in
865 3058 987 3130 numia
1051 3132 1054 3138 ,

124 3153 312 3258 splendide
339 3154 389 3228 usi
423 3078 515 3232 punt.
587 3149 729 3226 Verum
755 3174 888 3261 praeter
918 3152 986 3327 11·ῗὲ

328 3275 332 3312 ῑ
814 3282 817 3291 ’
922 3275 996 3329 att
