2136 3698
85 168 180 293 64
297 163 388 279 Cap.
419 164 496 269 ΙΙΙ.
556 165 786 253 oeconomia
876 106 880 123 ἐ

116 300 307 391 mutabilia
340 331 559 403 narrantur,
585 340 608 390 a
638 313 780 414 reliquo
814 313 970 393 historias

117 434 273 512 corpore
297 410 460 502 absciiia,
487 412 605 512 qualis
632 412 682 508 est
700 413 846 490 historia
859 414 970 491 Vale·

115 513 161 609 rii
190 504 375 601 Maximi,
408 513 446 586 δι
470 506 558 604 Justi
582 511 689 610 Lipfii
722 513 760 587 in
783 513 968 591 Politicisr

114 608 178 687 vei
191 604 345 706 secundo
358 632 416 685 res
438 610 543 710 gesta
569 609 799 690 celebrantur
823 635 968 704 eorum,

31 732 35 738 ’
116 709 181 808 qui
226 710 304 783 vita
342 705 468 826 fifffif.
505 710 606 797 sunt,
648 710 695 805 &f
731 710 770 785 in
811 710 970 811 postero·

112 831 195 883 rum
226 830 403 883 memoria
431 831 558 884 vivere
588 826 808 898 metentur,
847 832 969 885 exem·

111 905 174 1006 pio
200 904 406 994 Plutarchi,
431 907 470 981 dr
499 906 664 983 Cornelii
687 909 871 1006 Nepotis:
904 904 968 995 vel

112 1007 226 1082 tertio
257 1007 410 1105 Tragica
444 1007 681 1104 produntur,
715 1003 968 1083 admirabilem

111 1103 309 1203 quemdam
348 1124 525 1179 eventum
569 1101 648 1202 post
689 1103 723 1179 se
764 1107 966 1195 trahentia,

109 1201 232 1297 qualia
268 1199 398 1277 videro
433 1200 484 1277 est
515 1203 614 1303 apud
647 1202 887 1292 Sallustium,
928 1206 968 1281 dr

110 1296 319 1374 Biiseliumr
346 1298 406 1376 vel
429 1315 557 1404 quarto
584 1301 788 1383 scribuntur
806 1301 973 1376 Annales

109 1396 157 1473 ad
189 1400 342 1473 modum
373 1401 526 1491 Taciti,
570 1402 730 1488 saliani,
764 1396 965 1488 Tornieiii‚

108 1482 283 1588 Barohiir
315 1494 377 1572 vel
405 1502 532 1600 quinto
559 1499 768 1578 conduntur
793 1498 967 1592 epitomae

108 1593 169 1669 seu
191 1591 380 1693 synopses,
405 1600 612 1692 cuiusmodi
636 1595 718 1671 suut
742 1594 855 1683 Flori,
873 1593 966 1669 Tur·

106 1690 243 1782 seilini,
269 1695 373 1787 Joan.
401 1694 601 1773 Bussieresr
637 1693 696 1769 vel
720 1687 830 1786 sexto
856 1693 967 1790 ephe·

106 1793 269 1868 merides
301 1793 372 1870 slve
404 1795 528 1876 Diaria
561 1815 646 1866 cum
674 1792 770 1882 Juiio
803 1792 966 1881 Caesare,

105 1913 150 1965 ac
171 1889 300 1967 Gellio
324 1894 372 1970 de
396 1917 517 1994 pugna
542 1889 792 1965 Nerviornmr
816 1889 878 1965 vel
887 1888 967 1992 stp-

105 1992 198 2065 timo
222 1993 366 2090 Regum
394 2014 439 2067 ac
463 1995 612 2065 Ducum
639 1985 720 2063 aera
747 1984 839 2082 justo
863 1992 967 2065 voiu-

103 2091 204 2163 mine
228 2090 275 2177 ad
299 2090 546 2165 imirationem
571 2087 663 2163 oiim
684 2086 801 2176 Livii,
829 2089 965 2175 Curtii,

103 2186 246 2276 Taciti,
272 2209 371 2262 nnnc
396 2181 593 2275 Mariana,
619 2185 781 2275 Maisai,
809 2186 963 2272 Stradae,

105 2285 324 2384 Wagneria
351 2281 412 2357 vel
436 2283 586 2359 demum
610 2286 731 2363 oiiavo
762 2282 890 2361 fabuiae
912 2285 964 2357 hi·

74 2440 76 2444 v
101 2382 293 2485 storiarum
317 2404 423 2456 more
447 2385 742 2474 concinnantur,
789 2385 964 2481 quemad·

101 2483 254 2556 modum
277 2477 400 2555 fecere
425 2480 650 2561 Heliodorus
675 2487 712 2557 in
738 2483 794 2556 sur
823 2482 964 2555 AEthio·

101 2577 191 2677 pia,
230 2579 410 2656 Barciaius
444 2577 483 2657 in
517 2584 728 2680 Argenide,
763 2583 800 2654 in
829 2580 964 2676 Utopia

96 2678 376 2771 ‚otoermannus
427 2681 517 2757 Alia
543 2682 757 2778 partitiones
783 2698 859 2748 non
885 2697 963 2753 tam

99 2795 262 2867 naturae,
301 2803 411 2878 quam
446 2779 534 2853 artis
567 2774 714 2851 dudum
747 2773 958 2869 sequuntur.

100 2873 243 2973 Harum
269 2869 559 2953 communiffima
582 2874 655 2961 est,
687 2896 759 2971 qua
783 2874 959 2948 dividitur

98 2973 247 3050 historia
273 2978 310 3067 in
335 2972 575 3068 φιλοσοφικῆν,
626 2995 680 3045 uae
706 2971 960 3049 universalium

100 3069 171 3160 est,
207 3092 250 3145 ut
282 3077 399 3147 totius
432 3069 561 3157 mundi
640 3068 747 3168 pificii
766 3120 780 3159 ,
815 3073 960 3145 Monar-

100 3173 296 3262 chiarum,
340 3170 503 3250 Ecclefiae
545 3170 693 3248 Veteris
737 3171 774 3247 dr
817 3171 957 3258 Novae,

735 3340 738 3344 ,
882 3290 959 3348 om·
