2130 3706
133 143 191 231 26
228 108 334 255 cap.
362 141 418 230 rr.
475 131 720 262 ailimpre
741 144 860 245 orum

130 287 228 365 hmili
251 283 395 365 -ratidne
414 308 508 363 terra
531 291 601 365 Dei
624 293 737 383 verbo
760 290 971 371 soecdndata

114 382 150 465 ¹e
166 385 239 461 sinu
263 387 325 462 suo
349 387 513 489 profudit
536 393 741 464 innumeras
763 389 971 481 animalium

79 566 84 571 ,
124 480 369 583 gradientium
392 488 428 562 dr
450 491 655 581 repentium
677 488 808 587 species
828 507 971 574 natura,

125 606 185 658 ma
214 586 396 671 hirudine,
422 583 561 674 forma,
599 586 745 676 colore,
781 585 901 660 indole
922 587 972 660 di-

125 704 215 759 verr
245 706 361 772 imas,
397 705 476 779 quae
502 704 591 757 tuuc
612 687 759 780 quidem
782 708 847 783 per
871 683 972 758 silvae

126 782 165 861 δέ
185 804 332 874 campos
350 783 470 860 adhuc
486 783 633 857 innoxia
655 785 833 857 errabant.
879 784 971 856 Sub·

127 878 238 960 tiliter
263 880 345 956 heic
370 881 608 954 ratiocinatur
630 878 750 967 Moses
772 882 819 958 de
841 878 974 957 anima·

122 974 212 1057 lium
236 978 410 1057 natalibus
430 1008 441 1058 a
479 981 645 1077 quamuis
668 982 763 1056 enim
794 978 972 1080 fingulae

113 1096 280 1175 ¹„quatuor
298 1076 490 1161 elementia
511 1081 626 1176 prima
645 1079 704 1152 die
722 1080 851 1153 creatis
873 1101 973 1153 com·

108 1174 235 1275 'posita
255 1173 414 1264 suerint,
441 1176 560 1271 aliqua
587 1197 732 1264 tamen,
759 1181 812 1254 uti
837 1176 972 1280 pisces,

79 1350 84 1357 ,
122 1294 169 1350 ear
192 1277 315 1372 aquis,
340 1273 407 1348 alia
433 1276 487 1347 uti
515 1272 687 1348 volucres
712 1298 758 1350 err
787 1297 892 1365 aere,
919 1298 973 1349 re·

102 1370 220 1469 :liqua
246 1396 266 1446 e
291 1393 387 1447 terra
423 1369 524 1448 fuisse
549 1391 725 1468 prognata
754 1374 886 1464 docet,
920 1375 972 1449 ni·

120 1475 254 1542 mirum
279 1470 489 1547 dominante
520 1490 591 1566 prae
625 1467 769 1565 reliquis
797 1474 970 1565 portione

120 1558 214 1645 illiur'
230 1565 399 1642 elementi
408 1617 421 1655 ‚
449 1569 547 1666 quod
563 1566 610 1640 ad
627 1566 887 1640 habitationem
906 1567 970 1642 sru-

120 1668 229 1765 guiis·
247 1682 326 1753 erat
356 1666 582 1742 destinatum.
655 1665 779 1739 Prodit
810 1664 970 1762 denique

120 1765 241 1840 Moses
258 1763 366 1865 ipsam
379 1767 483 1860 primi
496 1764 651 1842 hominis
665 1763 831 1864 geneda,
857 1787 970 1861 quem

120 1863 221 1941 Deus
242 1885 396 1959 corpore
415 1887 435 1937 e
454 1865 543 1938 limo
562 1884 665 1944 terrae
688 1861 871 1951 formato,
897 1865 972 1935 ani·

119 1983 179 2035 ma
197 1984 285 2035 vero
305 1986 328 2039 e·
349 1961 463 2035 nihilo
481 1981 602 2037 creata
621 1961 808 2059 condidit,
834 1961 969 2059 cuique

120 2060 251 2132 sociam
269 2057 354 2134 vitae
372 2083 415 2132 ac
429 2059 582 2137 secuturi
605 2059 737 2133 laboris
758 2057 969 2154 dolorisque

118 2154 309 2232 faeminam
332 2182 354 2232 e
379 2158 473 2233 costa
499 2162 565 2233 viri
591 2156 758 2236 eduilam
783 2157 969 2245 adiunxit,

121 2256 385 2354 &paradisum
421 2257 478 2331 seu
510 2261 696 2356 regionem
729 2251 965 2330 felicissimam

119 2359 233 2432 umni‘
245 2379 380 2455 genere
396 2355 556 2454 ‘frugum
566 2366 580 2443 ,’
611 2356 838 2452 plautatum,
862 2355 967 2427 arbo·

118 2479 201 2534 rum
231 2459 266 2530 δι
296 2455 504 2530 animalium
528 2452 632 2551 copia
658 2455 902 2527 abundantem
927 2473 979 2546 ug

120 2558 244 2652 trique
261 2553 491 2626 habitandam
512 2549 696 2626 concessit..
745 2554 819 2630 Enl
846 2548 966 2625 Philo·

120 2651 288 2749 sophiam.
314 2647 537 2736 Mosalcam,
571 2672 681 2746 quam
714 2647 861 2748 simplici
887 2649 966 2746 qui-

87 2752 205 2825 'dem
231 2750 436 2835 narratione
468 2747 651 2836 absoluit,
686 2750 820 2845 absque
853 2747 967 2822 dubio

121 2862 243 2925 tamen
271 2845 437 2944 plurimis
456 2845 601 2929 scholiis¹
624 2850 661 2923 δι
687 2843 893 2922 dodiissimie
915 2847 968 2919 iu·

12 2944 15 2951 ’
120 2969 177 3025 tet
212 2948 289 3020 suos
325 2943 624 3049 disputationibus
657 2944 820 3044 exposuit
856 2968 899 3018 ac
929 2944 968 3017 il·
1007 2986 1011 3005 ·.

121 3047 320 3130 lustrarier
370 3046 469 3118 uude
501 3046 546 3118 ad
576 3044 808 3132 Chaldaeos,
858 3045 967 3141 AEgy·

120 3148 247 3252 ptius,
285 3144 464 3231 Graecos,
508 3144 674 3242 aliosque
715 3140 886 3317 populo}1
903 3144 965 3217 do·

887 3263 966 3315 rma
