2136 3698
315 164 368 260 ἐν’
391 163 550 279 legenda
564 166 746 286 Historia.
800 208 803 215 ’
876 202 961 291 129

93 310 145 390 ost
169 335 212 388 re
240 309 322 403 ula,
349 337 419 389 nec
446 338 514 415 pro
540 340 668 394 norma
692 319 826 398 servire
850 346 955 423 potr·

89 414 140 488 rit
170 437 197 486 u
225 435 240 487 1
270 411 455 489 artificum
484 415 546 491 vel
570 416 743 512 opificum
767 447 779 494 r
827 423 877 496 ita
901 425 955 499 hi·

89 511 199 588 lloria
233 526 278 586 ut
301 528 346 586 ut
371 535 538 605 amoena,
567 515 792 614 magnifica,
824 520 872 595 δι’
889 544 955 597 cae·

90 619 180 686 teris
207 612 433 697 ornamentis
459 613 562 687 dives
588 611 652 701 fit,
682 614 705 685 fi
730 618 865 692 veritas
889 622 954 697 de.

90 707 212 797 ficiat,
228 709 274 783 ad
292 733 401 805 quam
428 728 508 785 totr
532 712 812 789 commensurari
839 737 952 814 atque

90 809 267 907 componi
292 809 429 898 debet,
456 808 601 884 historia
626 808 786 886 nonest.
854 815 954 891 Hinc

88 904 186 1006 ipse,
214 907 361 1002 dequo
389 906 482 996 dixi,
509 907 682 1006 Polybius
698 931 745 982 ne
770 910 857 1005 quid
882 910 955 987 falli

91 1007 268 1080 scriberet
291 1003 354 1078 vel
377 1005 616 1104 imprudens,
643 1009 714 1081 iter
737 1006 891 1083 instituit
914 1010 956 1090 iu

89 1127 173 1179 oros
208 1100 454 1276 longntptas,
494 1104 636 1203 suisque
669 1129 730 1181 eas
762 1106 876 1183 oculis
902 1104 955 1181 lu·

88 1201 227 1278 stravit.
311 1201 432 1277 aliam
457 1207 555 1280 enim
577 1204 748 1303 &Alpes
774 1206 885 1292 adiit,
909 1229 954 1281 ac

89 1300 299 1401 Hispaniam
325 1299 409 1375 fere·
428 1321 546 1377 totam
579 1309 792 1402 percurrit,
830 1329 878 1378 ne
904 1306 952 1380 de

89 1406 234 1488 rebus,
263 1422 344 1500 quae
371 1427 392 1476 a
418 1403 587 1500 Scipione
614 1406 651 1475 in
678 1403 733 1476 his
770 1424 953 1478 terrarum

89 1498 264 1577 uadibus
284 1498 390 1601 gellae
415 1498 591 1587 fuerunt,
618 1503 737 1574 minos
764 1501 953 1599 explorata

90 1599 291 1678 scriberet:
318 1600 432 1672 immo
457 1622 525 1699 prr
549 1597 776 1674 Atlanticum
803 1623 952 1698 quoque

90 1723 193 1781 mare
220 1697 304 1773 vela
329 1695 435 1786 fecit,
478 1721 526 1772 ne
551 1699 597 1773 de
624 1698 809 1773 Annibalis
834 1699 954 1796 profe·

90 1795 213 1872 &ione
239 1795 395 1872 referret
419 1792 565 1895 aliqua,
601 1820 681 1892 quae
708 1823 781 1873 non
808 1793 955 1872 certiffi·

90 1922 151 1972 ma
177 1889 332 1970 forent:
370 1897 572 1971 Romanam
600 1898 760 1992 denique
787 1894 954 1990 linguam

90 1993 241 2084 didicit,
267 2018 490 2094 operamque
513 1995 638 2077 dedit,
663 2012 706 2065 ut
728 1993 876 2086 antiqua
894 2013 953 2065 eo·

92 2118 176 2171 rum
206 2113 445 2168 monumenta
470 2092 715 2189 intelligeret,
769 2112 821 2163 uae
848 2086 954 2165 multi

96 2196 209 2269 etiam
237 2193 437 2291 indigente,
470 2208 581 2287 atque
607 2190 644 2262 bi
666 2211 742 2360 prae
795 2205 874 2261 ntes
903 2192 953 2262 vl·

93 2295 148 2380 ti,
182 2287 411 2389 ignorabant.
470 2289 600 2363 Tontis
627 2286 663 2360 hi
694 2288 792 2363 orico
817 2289 953 2362 veritas

94 2389 264 2489 impenfis
283 2390 382 2464 stetit
400 2389 515 2464 veteri
533 2388 620 2462 huic
632 2384 825 2471 historico,
843 2410 954 2485 quarn

95 2489 157 2566 alii
193 2512 268 2562 non
301 2511 384 2561 raro
418 2484 686 2560 adulationibus
720 2484 951 2583 Principum,

96 2606 162 2665 out
186 2587 339 2685 propriis
366 2583 469 2658 malis
494 2580 675 2658 adsedion
690 2581 955 2661 horrendem

96 2687 248 2764 faciunt.
298 2682 528 2758 Multorum
562 2683 658 2756 enim
694 2680 848 2755 studium
881 2678 956 2766 eii,

100 2789 151 2862 ait
175 2782 359 2884 Juvenalis
385 2781 487 2878 (c),
523 2794 565 2854 ut
589 2777 629 2852 de
653 2783 793 2880 laag-nis
815 2773 957 2873 ritirs'oro

99 2885 131 2963 lo
155 2898 305 2959 uantur.
350 2880 497 2977 Duplex
522 2896 647 2951 autem
672 2874 813 2973 peccati
839 2895 956 2969 genus

101 2910 176 3075 eg,
217 2980 320 3083 qnod
345 2997 473 3054 contro
497 2977 691 3050 veritatem
723 2971 957 3046 committere

102 3081 219 3184 potest
229 3078 456 3165 HistoricuS,
474 3077 574 3150 citra
597 3069 658 3148 vel
683 3067 783 3146 ultra
807 3067 956 3184 modum.

184 3193 237 3277 (c)
264 3191 372 3272 Satyr·
384 3208 416 3271 4·
554 3241 565 3255 .«
896 3168 958 3261 Cr

145 3280 646 3364 Bmuornmoursnmnv.
779 3266 796 3341 Ῑ
