<?xml version="1.0" encoding="UTF-8"?>
<!DOCTYPE html PUBLIC "-//W3C//DTD XHTML 1.0 Transitional//EN"
    "http://www.w3.org/TR/xhtml1/DTD/xhtml1-transitional.dtd">
<html xmlns="http://www.w3.org/1999/xhtml" xml:lang="en" lang="en">
 <head>
  <title>
</title>
<meta http-equiv="Content-Type" content="text/html;charset=utf-8" />
  <meta name='ocr-system' content='tesseract 3.04.00' />
  <meta name='ocr-capabilities' content='ocr_page ocr_carea ocr_par ocr_line ocrx_word'/>
</head>
<body>
  <div class='ocr_page' id='page_1' title='image "./bibliothecadome01manngoog_0222.png"; bbox 0 0 2136 3698; ppageno 0'>
   <div class='ocr_carea' id='block_1_1' title="bbox 432 186 946 304">
    <p class='ocr_par' dir='ltr' id='par_1_1' title="bbox 432 186 946 304">
     <span class='ocr_line' id='line_1_1' title="bbox 432 186 946 304; baseline -0.002 -30"><span class='ocrx_word' id='word_1_1' title='bbox 432 186 621 304; x_wconf 64' lang='lat' dir='ltr'>Historia.</span> <span class='ocrx_word' id='word_1_2' title='bbox 861 210 946 298; x_wconf 80' lang='lat'>205</span> 
     </span>
    </p>
   </div>
   <div class='ocr_carea' id='block_1_2' title="bbox 100 332 949 539">
    <p class='ocr_par' dir='ltr' id='par_1_2' title="bbox 100 332 949 539">
     <span class='ocr_line' id='line_1_2' title="bbox 100 332 949 438; baseline -0.008 -23"><span class='ocrx_word' id='word_1_3' title='bbox 100 334 154 415; x_wconf 75' lang='lat' dir='ltr'>vit</span> <span class='ocrx_word' id='word_1_4' title='bbox 167 333 302 435; x_wconf 68' lang='lat' dir='ltr'>impius</span> <span class='ocrx_word' id='word_1_5' title='bbox 317 332 396 410; x_wconf 82' lang='lat' dir='ltr'>Rex</span> <span class='ocrx_word' id='word_1_6' title='bbox 416 336 543 410; x_wconf 82' lang='lat' dir='ltr'><strong>Achab</strong></span> <span class='ocrx_word' id='word_1_7' title='bbox 566 359 650 410; x_wconf 87' lang='lat' dir='ltr'>com</span> <span class='ocrx_word' id='word_1_8' title='bbox 674 337 797 438; x_wconf 84' lang='lat' dir='ltr'>peiore</span> <span class='ocrx_word' id='word_1_9' title='bbox 812 334 949 431; x_wconf 85' lang='lat' dir='ltr'>Conju·</span> 
     </span>
     <span class='ocr_line' id='line_1_3' title="bbox 101 424 949 539; baseline -0.004 -26"><span class='ocrx_word' id='word_1_10' title='bbox 101 461 146 539; x_wconf 75' lang='lat' dir='ltr'>ge</span> <span class='ocrx_word' id='word_1_11' title='bbox 160 424 349 535; x_wconf 78' lang='lat' dir='ltr'>jezabele,</span> <span class='ocrx_word' id='word_1_12' title='bbox 374 451 417 508; x_wconf 91' lang='lat' dir='ltr'>ut</span> <span class='ocrx_word' id='word_1_13' title='bbox 439 438 583 511; x_wconf 84' lang='lat' dir='ltr'>vineam</span> <span class='ocrx_word' id='word_1_14' title='bbox 609 435 686 531; x_wconf 81' lang='lat' dir='ltr'>ejus</span> <span class='ocrx_word' id='word_1_15' title='bbox 702 438 949 536; x_wconf 79' lang='lat' dir='ltr'>occuparent?</span> 
     </span>
    </p>
   </div>
   <div class='ocr_carea' id='block_1_3' title="bbox 55 625 1061 2794">
    <p class='ocr_par' dir='ltr' id='par_1_3' title="bbox 55 625 1061 2794">
     <span class='ocr_line' id='line_1_4' title="bbox 55 625 950 733; baseline -0.001 -26"><span class='ocrx_word' id='word_1_16' title='bbox 55 702 58 707; x_wconf 87' lang='lat'>.</span> <span class='ocrx_word' id='word_1_17' title='bbox 147 629 323 733; x_wconf 74' lang='lat' dir='ltr'>Legimus</span> <span class='ocrx_word' id='word_1_18' title='bbox 340 625 378 704; x_wconf 90' lang='lat' dir='ltr'>in</span> <span class='ocrx_word' id='word_1_19' title='bbox 408 630 552 707; x_wconf 82' lang='lat' dir='ltr'>historia</span> <span class='ocrx_word' id='word_1_20' title='bbox 576 628 728 729; x_wconf 81' lang='lat' dir='ltr'>profana</span> <span class='ocrx_word' id='word_1_21' title='bbox 742 632 950 731; x_wconf 81' lang='lat' dir='ltr'>exemplum</span> 
     </span>
     <span class='ocr_line' id='line_1_5' title="bbox 55 728 951 825; baseline -0.008 -16"><span class='ocrx_word' id='word_1_22' title='bbox 55 794 62 825; x_wconf 86' lang='grc'>.,</span> <span class='ocrx_word' id='word_1_23' title='bbox 100 729 282 810; x_wconf 81' lang='lat' dir='ltr'>Lucretiae</span> <span class='ocrx_word' id='word_1_24' title='bbox 309 730 506 819; x_wconf 77' lang='lat' dir='ltr'>Romana,</span> <span class='ocrx_word' id='word_1_25' title='bbox 550 728 670 815; x_wconf 78' lang='lat' dir='ltr'>laesum</span> <span class='ocrx_word' id='word_1_26' title='bbox 688 752 753 824; x_wconf 83' lang='lat' dir='ltr'>per</span> <span class='ocrx_word' id='word_1_27' title='bbox 772 732 848 804; x_wconf 84' lang='lat' dir='ltr'>vim</span> <span class='ocrx_word' id='word_1_28' title='bbox 864 730 951 803; x_wconf 84' lang='lat' dir='ltr'>Tar-</span> 
     </span>
     <span class='ocr_line' id='line_1_6' title="bbox 100 818 952 930; baseline -0.007 -23.301"><span class='ocrx_word' id='word_1_29' title='bbox 100 830 216 930; x_wconf 84' lang='lat' dir='ltr'>quinii</span> <span class='ocrx_word' id='word_1_30' title='bbox 232 818 463 927; x_wconf 78' lang='lat' dir='ltr'>conjugalem</span> <span class='ocrx_word' id='word_1_31' title='bbox 487 829 665 926; x_wconf 87' lang='lat' dir='ltr'>pudorem</span> <span class='ocrx_word' id='word_1_32' title='bbox 684 824 761 901; x_wconf 83' lang='lat' dir='ltr'>fuso</span> <span class='ocrx_word' id='word_1_33' title='bbox 784 826 952 925; x_wconf 82' lang='lat' dir='ltr'>sanguine</span> 
     </span>
     <span class='ocr_line' id='line_1_7' title="bbox 55 924 954 1029; baseline -0.011 -21"><span class='ocrx_word' id='word_1_34' title='bbox 55 962 61 1029; x_wconf 69' lang='lat' dir='ltr'>r</span> <span class='ocrx_word' id='word_1_35' title='bbox 101 928 200 1007; x_wconf 86' lang='lat' dir='ltr'>inse</span> <span class='ocrx_word' id='word_1_36' title='bbox 224 926 295 1025; x_wconf 81' lang='lat' dir='ltr'>ipsa</span> <span class='ocrx_word' id='word_1_37' title='bbox 317 928 589 1000; x_wconf 79' lang='lat' dir='ltr'>vindicantem:</span> <span class='ocrx_word' id='word_1_38' title='bbox 629 924 764 1000; x_wconf 86' lang='lat' dir='ltr'>castum</span> <span class='ocrx_word' id='word_1_39' title='bbox 787 924 954 1023; x_wconf 81' lang='lat' dir='ltr'>Hippoii·</span> 
     </span>
     <span class='ocr_line' id='line_1_8' title="bbox 98 1020 955 1103; baseline -0.009 0"><span class='ocrx_word' id='word_1_40' title='bbox 98 1028 181 1103; x_wconf 76' lang='lat' dir='ltr'>&#39;tum</span> <span class='ocrx_word' id='word_1_41' title='bbox 198 1020 359 1100; x_wconf 71' lang='lat' dir='ltr'>Phaedra</span> <span class='ocrx_word' id='word_1_42' title='bbox 377 1025 555 1098; x_wconf 83' lang='lat' dir='ltr'>Novercae</span> <span class='ocrx_word' id='word_1_43' title='bbox 572 1021 726 1099; x_wconf 87' lang='lat' dir='ltr'>incestos</span> <span class='ocrx_word' id='word_1_44' title='bbox 742 1047 886 1098; x_wconf 86' lang='lat' dir='ltr'>amores</span> <span class='ocrx_word' id='word_1_45' title='bbox 904 1046 955 1095; x_wconf 88' lang='lat' dir='ltr'>re·</span> 
     </span>
     <span class='ocr_line' id='line_1_9' title="bbox 127 1120 977 1220; baseline -0.008 -20"><span class='ocrx_word' id='word_1_46' title='bbox 127 1127 323 1213; x_wconf 82' lang='lat' dir='ltr'>odiantean·</span> <span class='ocrx_word' id='word_1_47' title='bbox 338 1124 382 1196; x_wconf 87' lang='lat' dir='ltr'>ab</span> <span class='ocrx_word' id='word_1_48' title='bbox 402 1123 502 1220; x_wconf 87' lang='lat' dir='ltr'>equis</span> <span class='ocrx_word' id='word_1_49' title='bbox 518 1120 754 1219; x_wconf 82' lang='lat' dir='ltr'>discerptum:</span> <span class='ocrx_word' id='word_1_50' title='bbox 786 1121 955 1220; x_wconf 80' lang='lat' dir='ltr'>Crispum</span> <span class='ocrx_word' id='word_1_51' title='bbox 972 1170 977 1175; x_wconf 91' lang='lat'>-</span> 
     </span>
     <span class='ocr_line' id='line_1_10' title="bbox 55 1212 956 1321; baseline 0.001 -28"><span class='ocrx_word' id='word_1_52' title='bbox 55 1260 58 1293; x_wconf 79' lang='grc'><strong>;</strong></span> <span class='ocrx_word' id='word_1_53' title='bbox 164 1212 333 1297; x_wconf 74' lang='lat' dir='ltr'>nstantini</span> <span class='ocrx_word' id='word_1_54' title='bbox 358 1221 411 1294; x_wconf 89' lang='lat' dir='ltr'>M.</span> <span class='ocrx_word' id='word_1_55' title='bbox 434 1219 571 1308; x_wconf 84' lang='lat' dir='ltr'>filium,</span> <span class='ocrx_word' id='word_1_56' title='bbox 605 1224 688 1296; x_wconf 86' lang='lat' dir='ltr'>vitae</span> <span class='ocrx_word' id='word_1_57' title='bbox 712 1223 956 1321; x_wconf 72' lang='lat' dir='ltr'>integerrime</span> 
     </span>
     <span class='ocr_line' id='line_1_11' title="bbox 101 1316 957 1418; baseline -0.013 -13.612"><span class='ocrx_word' id='word_1_58' title='bbox 101 1320 223 1401; x_wconf 83' lang='lat' dir='ltr'>Princi</span> <span class='ocrx_word' id='word_1_59' title='bbox 250 1333 253 1343; x_wconf 89' lang='lat'>&#39;</span> <span class='ocrx_word' id='word_1_60' title='bbox 272 1340 331 1408; x_wconf 83' lang='lat' dir='ltr'>m,</span> <span class='ocrx_word' id='word_1_61' title='bbox 357 1320 443 1393; x_wconf 88' lang='lat' dir='ltr'>dum</span> <span class='ocrx_word' id='word_1_62' title='bbox 461 1317 591 1394; x_wconf 82' lang='lat' dir='ltr'>Faussae</span> <span class='ocrx_word' id='word_1_63' title='bbox 610 1338 778 1395; x_wconf 87' lang='lat' dir='ltr'>novercae</span> <span class='ocrx_word' id='word_1_64' title='bbox 793 1321 839 1394; x_wconf 89' lang='lat' dir='ltr'>ad</span> <span class='ocrx_word' id='word_1_65' title='bbox 857 1316 957 1418; x_wconf 85' lang='lat' dir='ltr'>flagi-</span> 
     </span>
     <span class='ocr_line' id='line_1_12' title="bbox 55 1416 958 1517; baseline -0.011 -18"><span class='ocrx_word' id='word_1_66' title='bbox 55 1442 62 1517; x_wconf 74' lang='grc'>,“</span> <span class='ocrx_word' id='word_1_67' title='bbox 104 1424 198 1499; x_wconf 84' lang='lat' dir='ltr'>tium</span> <span class='ocrx_word' id='word_1_68' title='bbox 228 1417 406 1494; x_wconf 88' lang='lat' dir='ltr'>oiicitanti</span> <span class='ocrx_word' id='word_1_69' title='bbox 425 1417 459 1491; x_wconf 83' lang='lat' dir='ltr'>se</span> <span class='ocrx_word' id='word_1_70' title='bbox 480 1416 514 1493; x_wconf 82' lang='lat' dir='ltr'>sc</span> <span class='ocrx_word' id='word_1_71' title='bbox 532 1437 756 1517; x_wconf 84' lang='lat' dir='ltr'>opponeret,</span> <span class='ocrx_word' id='word_1_72' title='bbox 794 1416 879 1493; x_wconf 82' lang='lat' dir='ltr'>falsa</span> <span class='ocrx_word' id='word_1_73' title='bbox 892 1418 958 1490; x_wconf 88' lang='lat' dir='ltr'>cri·</span> 
     </span>
     <span class='ocr_line' id='line_1_13' title="bbox 55 1515 958 1609; baseline -0.01 -11"><span class='ocrx_word' id='word_1_74' title='bbox 55 1542 59 1577; x_wconf 67' lang='lat'>³</span> <span class='ocrx_word' id='word_1_75' title='bbox 104 1518 308 1597; x_wconf 77' lang='lat' dir='ltr'>minatione</span> <span class='ocrx_word' id='word_1_76' title='bbox 325 1517 414 1589; x_wconf 87' lang='lat' dir='ltr'>neci</span> <span class='ocrx_word' id='word_1_77' title='bbox 431 1516 697 1609; x_wconf 83' lang='lat' dir='ltr'>adjudicatum:</span> <span class='ocrx_word' id='word_1_78' title='bbox 734 1519 772 1591; x_wconf 89' lang='lat' dir='ltr'>in</span> <span class='ocrx_word' id='word_1_79' title='bbox 788 1515 884 1591; x_wconf 80' lang='lat' dir='ltr'>sacra</span> <span class='ocrx_word' id='word_1_80' title='bbox 896 1539 958 1589; x_wconf 90' lang='lat' dir='ltr'>ve·</span> 
     </span>
     <span class='ocr_line' id='line_1_14' title="bbox 55 1612 1061 1791; baseline -0.001 -101"><span class='ocrx_word' id='word_1_81' title='bbox 55 1660 80 1715; x_wconf 58' lang='lat'>5-</span> <span class='ocrx_word' id='word_1_82' title='bbox 103 1636 168 1711; x_wconf 83' lang='lat' dir='ltr'>ro,</span> <span class='ocrx_word' id='word_1_83' title='bbox 187 1615 392 1791; x_wconf 39' lang='lat' dir='ltr'>iosephum</span> <span class='ocrx_word' id='word_1_84' title='bbox 411 1613 456 1688; x_wconf 80' lang='lat' dir='ltr'>de</span> <span class='ocrx_word' id='word_1_85' title='bbox 477 1612 680 1713; x_wconf 83' lang='lat' dir='ltr'>Putipharis</span> <span class='ocrx_word' id='word_1_86' title='bbox 695 1637 831 1703; x_wconf 84' lang='lat' dir='ltr'>uxore,</span> <span class='ocrx_word' id='word_1_87' title='bbox 865 1614 961 1710; x_wconf 80' lang='lat' dir='ltr'>ejus·</span> <span class='ocrx_word' id='word_1_88' title='bbox 1057 1666 1061 1677; x_wconf 67' lang='lat'><strong><em>.</em></strong></span> 
     </span>
     <span class='ocr_line' id='line_1_15' title="bbox 101 1709 961 1819; baseline -0.009 -26"><span class='ocrx_word' id='word_1_89' title='bbox 101 1720 179 1819; x_wconf 77' lang='lat' dir='ltr'>&#39;que</span> <span class='ocrx_word' id='word_1_90' title='bbox 212 1709 481 1788; x_wconf 61' lang='lat' dir='ltr'>&#39;bidinereliiio</span> <span class='ocrx_word' id='word_1_91' title='bbox 494 1712 704 1786; x_wconf 70' lang='lat' dir='ltr'>inmanibus</span> <span class='ocrx_word' id='word_1_92' title='bbox 716 1710 961 1810; x_wconf 82' lang='lat' dir='ltr'>paliiotrium-</span> 
     </span>
     <span class='ocr_line' id='line_1_16' title="bbox 55 1808 961 1911; baseline -0.012 -20"><span class='ocrx_word' id='word_1_93' title='bbox 55 1842 61 1879; x_wconf 67' lang='grc' dir='ltr'>ι</span> <span class='ocrx_word' id='word_1_94' title='bbox 98 1850 101 1855; x_wconf 94' lang='grc'><em>·</em></span> <span class='ocrx_word' id='word_1_95' title='bbox 130 1819 286 1891; x_wconf 81' lang='lat' dir='ltr'>hantem</span> <span class='ocrx_word' id='word_1_96' title='bbox 298 1841 315 1886; x_wconf 84' lang='lat'>:-</span> <span class='ocrx_word' id='word_1_97' title='bbox 331 1808 526 1884; x_wconf 79' lang='lat' dir='ltr'>Susannam</span> <span class='ocrx_word' id='word_1_98' title='bbox 541 1813 584 1886; x_wconf 84' lang='lat' dir='ltr'>ab</span> <span class='ocrx_word' id='word_1_99' title='bbox 602 1811 720 1911; x_wconf 84' lang='lat' dir='ltr'>impiis</span> <span class='ocrx_word' id='word_1_100' title='bbox 734 1810 874 1886; x_wconf 88' lang='lat' dir='ltr'>senibus</span> <span class='ocrx_word' id='word_1_101' title='bbox 891 1809 961 1881; x_wconf 89' lang='lat' dir='ltr'>fru-</span> 
     </span>
     <span class='ocr_line' id='line_1_17' title="bbox 100 1840 963 2004; baseline -0.015 -13.28"><span class='ocrx_word' id='word_1_102' title='bbox 100 1840 176 1991; x_wconf 70' lang='lat' dir='ltr'>in</span> <span class='ocrx_word' id='word_1_103' title='bbox 192 1910 431 1996; x_wconf 84' lang='lat' dir='ltr'>solicitatam,</span> <span class='ocrx_word' id='word_1_104' title='bbox 479 1906 517 1981; x_wconf 66' lang='grc' dir='ltr'>ὁ(</span> <span class='ocrx_word' id='word_1_105' title='bbox 545 1913 656 1981; x_wconf 82' lang='lat' dir='ltr'>moni</span> <span class='ocrx_word' id='word_1_106' title='bbox 681 1910 754 2000; x_wconf 78' lang='lat' dir='ltr'>jam</span> <span class='ocrx_word' id='word_1_107' title='bbox 775 1909 849 2001; x_wconf 77' lang='lat' dir='ltr'>jam</span> <span class='ocrx_word' id='word_1_108' title='bbox 876 1926 963 2004; x_wconf 74' lang='lat' dir='ltr'>prae-</span> 
     </span>
     <span class='ocr_line' id='line_1_18' title="bbox 55 2004 964 2089; baseline -0.014 1"><span class='ocrx_word' id='word_1_109' title='bbox 55 2038 57 2043; x_wconf 81' lang='grc'><strong>’</strong></span> <span class='ocrx_word' id='word_1_110' title='bbox 107 2013 246 2089; x_wconf 79' lang='lat' dir='ltr'>senti-a</span> <span class='ocrx_word' id='word_1_111' title='bbox 277 2005 429 2082; x_wconf 79' lang='lat' dir='ltr'>Daniele</span> <span class='ocrx_word' id='word_1_112' title='bbox 458 2004 692 2080; x_wconf 65' lang='lat' dir='ltr'>subtractam:</span> <span class='ocrx_word' id='word_1_113' title='bbox 729 2022 788 2078; x_wconf 93' lang='lat' dir='ltr'>tot</span> <span class='ocrx_word' id='word_1_114' title='bbox 817 2023 964 2079; x_wconf 84' lang='lat' dir='ltr'>teneras</span> 
     </span>
     <span class='ocr_line' id='line_1_19' title="bbox 87 2102 1039 2211; baseline -0.015 -22"><span class='ocrx_word' id='word_1_115' title='bbox 87 2108 283 2211; x_wconf 84' lang='lat' dir='ltr'>&#39;Virgines</span> <span class='ocrx_word' id='word_1_116' title='bbox 314 2104 512 2204; x_wconf 88' lang='lat' dir='ltr'>repudiatis</span> <span class='ocrx_word' id='word_1_117' title='bbox 544 2107 802 2200; x_wconf 71' lang='lat' dir='ltr'>Tyrannorum</span> <span class='ocrx_word' id='word_1_118' title='bbox 829 2104 964 2202; x_wconf 83' lang='lat' dir='ltr'>nuptiis</span> <span class='ocrx_word' id='word_1_119' title='bbox 1034 2102 1039 2112; x_wconf 91' lang='lat'><em>&#39;</em></span> 
     </span>
     <span class='ocr_line' id='line_1_20' title="bbox 62 2201 965 2306; baseline -0.01 -23"><span class='ocrx_word' id='word_1_120' title='bbox 62 2300 65 2305; x_wconf 20' lang='grc' dir='ltr'>Ι</span> <span class='ocrx_word' id='word_1_121' title='bbox 108 2206 276 2306; x_wconf 83' lang='lat' dir='ltr'>martyrii</span> <span class='ocrx_word' id='word_1_122' title='bbox 289 2202 415 2278; x_wconf 87' lang='lat' dir='ltr'>iaurea</span> <span class='ocrx_word' id='word_1_123' title='bbox 427 2222 636 2301; x_wconf 82' lang='lat' dir='ltr'>coronatas.</span> <span class='ocrx_word' id='word_1_124' title='bbox 687 2201 965 2303; x_wconf 84' lang='lat' dir='ltr'>Haeclegimus,</span> 
     </span>
     <span class='ocr_line' id='line_1_21' title="bbox 110 2300 966 2394; baseline -0.016 -7"><span class='ocrx_word' id='word_1_125' title='bbox 110 2310 149 2387; x_wconf 74' lang='grc' dir='ltr'>δι</span> <span class='ocrx_word' id='word_1_126' title='bbox 169 2302 248 2383; x_wconf 81' lang='lat' dir='ltr'>non</span> <span class='ocrx_word' id='word_1_127' title='bbox 281 2300 523 2377; x_wconf 84' lang='lat' dir='ltr'>erubescimus</span> <span class='ocrx_word' id='word_1_128' title='bbox 559 2304 809 2391; x_wconf 83' lang='lat' dir='ltr'>contaminare</span> <span class='ocrx_word' id='word_1_129' title='bbox 838 2302 966 2394; x_wconf 79' lang='lat' dir='ltr'>iuven·</span> 
     </span>
     <span class='ocr_line' id='line_1_22' title="bbox 55 2397 966 2499; baseline -0.014 -15"><span class='ocrx_word' id='word_1_130' title='bbox 55 2488 57 2499; x_wconf 69' lang='grc'>,</span> <span class='ocrx_word' id='word_1_131' title='bbox 107 2424 187 2483; x_wconf 76' lang='lat' dir='ltr'>ram</span> <span class='ocrx_word' id='word_1_132' title='bbox 210 2402 355 2477; x_wconf 86' lang='lat' dir='ltr'>furtivis</span> <span class='ocrx_word' id='word_1_133' title='bbox 380 2400 588 2488; x_wconf 76' lang='lat' dir='ltr'>amoribus,</span> <span class='ocrx_word' id='word_1_134' title='bbox 632 2400 759 2474; x_wconf 84' lang='lat' dir='ltr'>air&#39;enae</span> <span class='ocrx_word' id='word_1_135' title='bbox 782 2397 966 2498; x_wconf 77' lang='lat' dir='ltr'>pudicitior</span> 
     </span>
     <span class='ocr_line' id='line_1_23' title="bbox 55 2496 966 2597; baseline -0.011 -16"><span class='ocrx_word' id='word_1_136' title='bbox 55 2506 58 2513; x_wconf 85' lang='grc'><strong>’</strong></span> <span class='ocrx_word' id='word_1_137' title='bbox 110 2503 289 2588; x_wconf 75' lang='lat' dir='ltr'>irradiari,</span> <span class='ocrx_word' id='word_1_138' title='bbox 318 2499 473 2573; x_wconf 86' lang='lat' dir='ltr'>alienum</span> <span class='ocrx_word' id='word_1_139' title='bbox 492 2499 629 2575; x_wconf 85' lang='lat' dir='ltr'>violare</span> <span class='ocrx_word' id='word_1_140' title='bbox 639 2501 812 2588; x_wconf 84' lang='lat' dir='ltr'>thorum,</span> <span class='ocrx_word' id='word_1_141' title='bbox 839 2496 966 2597; x_wconf 68' lang='lat' dir='ltr'>fovere</span> 
     </span>
     <span class='ocr_line' id='line_1_24' title="bbox 104 2595 989 2686; baseline -0.014 -5"><span class='ocrx_word' id='word_1_142' title='bbox 104 2600 344 2686; x_wconf 80' lang='lat' dir='ltr'>incendium,</span> <span class='ocrx_word' id='word_1_143' title='bbox 371 2620 440 2670; x_wconf 85' lang='lat' dir='ltr'>nec</span> <span class='ocrx_word' id='word_1_144' title='bbox 455 2598 621 2673; x_wconf 83' lang='lat' dir='ltr'>Sodoma</span> <span class='ocrx_word' id='word_1_145' title='bbox 639 2622 708 2673; x_wconf 88' lang='lat' dir='ltr'>nec</span> <span class='ocrx_word' id='word_1_146' title='bbox 723 2597 854 2673; x_wconf 87' lang='lat' dir='ltr'>inferni</span> <span class='ocrx_word' id='word_1_147' title='bbox 869 2595 989 2671; x_wconf 60' lang='lat' dir='ltr'>flam»-</span> 
     </span>
     <span class='ocr_line' id='line_1_25' title="bbox 62 2692 924 2794; baseline -0.012 -19"><span class='ocrx_word' id='word_1_148' title='bbox 62 2698 65 2705; x_wconf 80' lang='grc'><strong>’</strong></span> <span class='ocrx_word' id='word_1_149' title='bbox 114 2705 182 2783; x_wconf 82' lang='lat' dir='ltr'>nais</span> <span class='ocrx_word' id='word_1_150' title='bbox 201 2701 254 2774; x_wconf 84' lang='lat' dir='ltr'>iat</span> <span class='ocrx_word' id='word_1_151' title='bbox 269 2697 512 2794; x_wconf 77' lang='lat' dir='ltr'>expiandum?</span> <span class='ocrx_word' id='word_1_152' title='bbox 818 2692 821 2696; x_wconf 79' lang='grc'><strong>’</strong></span> <span class='ocrx_word' id='word_1_153' title='bbox 920 2703 924 2707; x_wconf 86' lang='grc'><strong>’</strong></span> 
     </span>
    </p>
   </div>
   <div class='ocr_carea' id='block_1_4' title="bbox 55 2864 983 3370">
    <p class='ocr_par' dir='ltr' id='par_1_4' title="bbox 55 2864 983 3370">
     <span class='ocr_line' id='line_1_26' title="bbox 55 2864 970 2993; baseline -0.01 -22"><span class='ocrx_word' id='word_1_154' title='bbox 55 2864 68 2987; x_wconf 32' lang='lat' dir='ltr'><strong>f</strong></span> <span class='ocrx_word' id='word_1_155' title='bbox 163 2892 342 2993; x_wconf 75' lang='lat' dir='ltr'>Legimus</span> <span class='ocrx_word' id='word_1_156' title='bbox 359 2892 561 2990; x_wconf 86' lang='lat' dir='ltr'>inutraque</span> <span class='ocrx_word' id='word_1_157' title='bbox 579 2887 745 2977; x_wconf 80' lang='lat' dir='ltr'>historia,</span> <span class='ocrx_word' id='word_1_158' title='bbox 780 2886 970 2963; x_wconf 84' lang='lat' dir='ltr'>avaritiam</span> 
     </span>
     <span class='ocr_line' id='line_1_27' title="bbox 55 2986 972 3084; baseline -0.012 -12"><span class='ocrx_word' id='word_1_159' title='bbox 55 3040 57 3049; x_wconf 94' lang='lat'>·</span> <span class='ocrx_word' id='word_1_160' title='bbox 119 2991 314 3076; x_wconf 82' lang='lat' dir='ltr'>ioCraeso,</span> <span class='ocrx_word' id='word_1_161' title='bbox 340 2988 376 3062; x_wconf 93' lang='lat' dir='ltr'>in</span> <span class='ocrx_word' id='word_1_162' title='bbox 395 2986 651 3084; x_wconf 86' lang='lat' dir='ltr'>Sardanapalo,</span> <span class='ocrx_word' id='word_1_163' title='bbox 679 2989 715 3060; x_wconf 91' lang='lat' dir='ltr'>in</span> <span class='ocrx_word' id='word_1_164' title='bbox 732 2987 972 3062; x_wconf 82' lang='lat' dir='ltr'>MarcoCras·</span> 
     </span>
     <span class='ocr_line' id='line_1_28' title="bbox 121 3084 972 3187; baseline -0.016 -16"><span class='ocrx_word' id='word_1_165' title='bbox 121 3096 177 3187; x_wconf 89' lang='lat' dir='ltr'>so,</span> <span class='ocrx_word' id='word_1_166' title='bbox 211 3094 249 3167; x_wconf 95' lang='lat' dir='ltr'>in</span> <span class='ocrx_word' id='word_1_167' title='bbox 272 3087 425 3164; x_wconf 84' lang='lat' dir='ltr'>Achabo</span> <span class='ocrx_word' id='word_1_168' title='bbox 446 3089 482 3162; x_wconf 87' lang='lat'><strong>&amp;</strong></span> <span class='ocrx_word' id='word_1_169' title='bbox 504 3084 692 3184; x_wconf 84' lang='lat' dir='ltr'>Jezabele‚</span> <span class='ocrx_word' id='word_1_170' title='bbox 727 3087 972 3164; x_wconf 78' lang='lat' dir='ltr'>inAnania&amp;</span> 
     </span>
     <span class='ocr_line' id='line_1_29' title="bbox 123 3182 972 3299; baseline -0.014 -29"><span class='ocrx_word' id='word_1_171' title='bbox 123 3193 297 3299; x_wconf 70' lang='lat' dir='ltr'>Sapphica</span> <span class='ocrx_word' id='word_1_172' title='bbox 316 3182 497 3277; x_wconf 48' lang='lat' dir='ltr'>flammina</span> <span class='ocrx_word' id='word_1_173' title='bbox 534 3184 705 3286; x_wconf 73' lang='lat' dir='ltr'>sanguine</span> <span class='ocrx_word' id='word_1_174' title='bbox 732 3209 776 3262; x_wconf 86' lang='lat' dir='ltr'>ac</span> <span class='ocrx_word' id='word_1_175' title='bbox 790 3186 972 3262; x_wconf 77' lang='lat' dir='ltr'>martein—</span> 
     </span>
     <span class='ocr_line' id='line_1_30' title="bbox 856 3290 983 3370; baseline -0.039 0"><span class='ocrx_word' id='word_1_176' title='bbox 856 3290 983 3370; x_wconf 76' lang='lat' dir='ltr'>neiiie·</span> 
     </span>
    </p>
   </div>
   <div class='ocr_carea' id='block_1_5' title="bbox 0 0 1085 3698">
    <p class='ocr_par' dir='ltr' id='par_1_5' title="bbox 0 0 1085 3698">
     <span class='ocr_line' id='line_1_31' title="bbox 0 0 1085 3698; baseline 0 0"><span class='ocrx_word' id='word_1_177' title='bbox 0 0 1085 3698; x_wconf 95' lang='lat' dir='ltr'> </span> 
     </span>
    </p>
   </div>
  </div>
 </body>
</html>
