2136 3698
13 106 17 113 ἱ
100 88 199 277 199ι
333 158 552 275 Caput,
594 159 769 281 Critica.

99 306 413 395 Puffendorfium,
465 306 619 405 ejusque
653 306 958 387 introductionem

98 409 151 487 od
160 409 364 502 Historiam
394 405 475 504 (r),
500 431 582 524 qpae
598 407 780 509 eteliquis
797 409 879 485 Viri
892 412 958 486 hu·

100 511 160 606 jus
180 507 433 605 Operibuseo
459 510 627 584 nocivior
642 502 734 597 eli,-
772 530 822 583 uo
840 510 958 608 magis
1005 542 1008 549 ·

99 612 142 691 in
166 609 333 681 manibus
364 605 568 701 Juvenum,
618 532 815 705 prateolo
846 608 961 683 Nobi·

103 706 219 795 lium,
262 703 425 777 versatur
447 707 509 778 vix
530 727 604 779 non
623 724 731 793 ante,
779 727 891 802 quam
922 707 961 780 in

101 804 191 882 fidei
227 801 438 879 Christiano
476 802 666 879 elementis
699 798 961 883 instituuntur.

103 905 307 997 Audiamus
331 900 499 1000 praeclara
512 927 559 976 ex
579 903 652 978 hoa
676 894 771 977 libro
788 902 963 1003 dogmata

105 1004 281 1100 aliquota
339 1024 369 1074 1.
403 1048 431 1088 „
462 999 730 1077 Audioritatem
758 997 965 1100 supremam

23 1107 25 1111 ’
105 1149 136 1193 ,,
162 1096 380 1201 Apollolicae
406 1098 508 1172 Sedis
540 1099 724 1194 adjudicat
749 1099 965 1198 superstitio·

104 1247 136 1293 ‚,
160 1199 203 1272 lm
227 1197 355 1297 pietati
373 1197 682 1284 Christianorum,
710 1200 869 1272 maxime
886 1199 968 1274 Cae·

107 1346 135 1389 ,‚
162 1297 300 1384 sarum,
327 1297 531 1393 Principum
550 1297 621 1368 &o
641 1293 900 1372 donationibus
917 1296 967 1371 ad

108 1446 138 1491 „
165 1399 242 1497 pias
265 1392 426 1471 caudas:
454 1395 590 1466 artibus
608 1389 827 1469 Pontificum
847 1397 882 1470 in
905 1417 969 1471 au·

108 1544 139 1597 ,‚
164 1497 281 1595 cupiis
298 1492 511 1591 pecuniariis
529 1492 856 1590 dispensationum,
872 1516 967 1567 nun·

111 1644 142 1689 ,‚
169 1594 261 1668 dinis
292 1588 632 1686 indulgentiarum,
666 1592 770 1690 nugis
801 1589 967 1682 Jubilaeo·

110 1744 139 1791 „
165 1714 265 1779 rum,
298 1687 383 1760 fisco
415 1690 595 1761 bonorum
628 1686 966 1778 schismaticorum,

110 1832 141 1891 5,
163 1787 410 1865 oblationibus
421 1786 457 1859 dt
473 1789 614 1861 annatis
624 1789 669 1862 ad
686 1787 778 1862 bella
790 1786 884 1862 sacta
895 1788 968 1864 &o

109 1934 139 1984 ,‚
167 1908 202 1959 2.
228 1883 389 1972 Eandem
408 1881 661 1961 austoritatem
676 1887 804 1961 tribuit
818 1886 970 1963 infinitae

8 2016 12 2021 ·
67 2073 71 2080 ,
112 1979 392 2080 „multitudini
426 1984 657 2090 Cletieorum
699 1986 737 2060 dc
768 1987 971 2063 Monacho·

112 2110 142 2178 ·,‚
169 2107 270 2173 rum,
297 2085 362 2157 otii
387 2084 424 2156 dt
441 2082 547 2158 luxus
571 2082 688 2159 caulia
704 2087 749 2158 ad
765 2086 970 2161 Canonica·
998 2170 1003 2175 ,

109 2230 140 2273 ,,
167 2201 227 2258 tus
247 2182 420 2281 pingues,
444 2183 481 2256 ἃ
500 2186 592 2257 bene
610 2185 737 2258 dotata
754 2182 969 2258 monasteria

115 2332 143 2376 ‚,
171 2281 444 2358 convolantium
461 2282 532 2354 dre.
559 2283 649 2357 item
668 2308 742 2358 non
758 2284 889 2358 minori
905 2304 970 2355 nu·

115 2429 146 2475 ‚,
170 2403 273 2456 mero
298 2380 616 2467 Mendicantium,
649 2383 722 2458 hoc
748 2383 832 2455 vitae
879 2401 971 2457 enus

116 2527 147 2573 ‚,
174 2481 306 2579 partim
329 2502 375 2552 ex
394 2475 563 2578 sacrilega
579 2482 779 2555 ambitione
801 2406 972 2555 anlerio

115 2629 144 2671 ‚‚
171 2581 219 2653 ris
244 2581 352 2666 vitae,
382 2577 563 2651 bonorum
587 2601 741 2676 operum
764 2576 980 2652 ostentatio-

118 2728 145 2773 „
173 2702 242 2765 ne,
269 2677 307 2750 δι
328 2694 554 2765 mercatura,
579 2678 711 2773 partlm
740 2695 786 2763 ex
812 2675 973 2774 despera·

119 2826 148 2870 „
174 2777 275 2851 tione
290 2771 350 2848 vel
371 2774 470 2864 otio,
498 2776 629 2874 partim
643 2795 689 2849 ex
708 2796 901 2871 parentum
918 2771 973 2846 su·

119 2927 147 2969 „
174 2873 400 2975 perstitione,
427 2872 488 2948 vel
504 2872 659 2971 prolium
675 2893 831 2970 cogente
847 2873 973 2971 inopia

119 3025 148 3067 „
175 2969 469 3071 amplelientium
484 3017 498 3057 ‚
524 2994 545 3043 e
572 2970 702 3067 quibus
732 2971 846 3046 failos
875 2973 973 3047 aira

119 3123 149 3167 „
174 3067 410 3148 Pontificibus
427 3067 560 3145 milites
579 3074 837 3166 pretorianos,
863 3092 973 3145 canes

862 3171 973 3261 »ΚΦ

167 3282 218 3364 (t)
243 3276 275 3344 C.
285 3297 317 3345 2.
331 3268 530 3347 deMmarcl.
538 3269 681 3370 &elesa
934 3294 942 3311 ⁶
