2136 3698
88 168 92 178 ’
242 200 246 207 ·
371 179 430 264 rei
455 175 738 296 Dipiomatitae.
930 201 989 294 25

129 321 264 415 seffor,
290 323 329 400 ἀ
356 327 623 403 Maximiliaous
649 327 860 419 Rasslerus,
892 332 989 411 Cam

132 425 298 502 cellarius
332 429 540 502 Academiae
573 426 797 528 Diiinganae,
830 432 991 535 uterque

131 523 327 601 societatis
355 524 436 624 jesu
468 525 707 628 Religiosus.'
741 527 890 609 Omitto
919 531 990 609 alia

130 624 193 701 seu
210 623 333 722 praelia
355 624 417 701 seu
437 626 697 703 velitationest
732 626 901 730 Episcopi
923 636 991 707 Ar·

130 725 396 825 gontotatenfis
407 749 500 801 eum
519 726 670 801 civitate
688 725 856 825 eiusdem
876 731 992 809 nomi·

130 824 189 899 nis
223 829 324 917 circa
353 824 517 925 diploma
536 826 702 902 Lotharii
722 827 756 900 1:
783 824 993 906 Monastetii

130 922 449 1000 Reimenavienfis
489 948 575 998 cum
606 923 833 1000 Ulmenfibus
863 927 911 1000 de
942 925 996 1001 di·

148 1021 297 1119 ‚romare
316 1024 523 1100 Catulino:
551 1016 854 1125 Wirzburgeitfis
866 1022 997 1101 Ptaeiu·

130 1046 178 1199 gr
205 1144 294 1197 cum
315 1123 570 1221 Bamhcrgenii
589 1125 638 1198 ob
664 1123 827 1233 diploma
844 1124 997 1200 Fritieri·

132 1220 217 1297 cii.
239 1222 313 1297 &o
338 1246 419 1322 quae
445 1220 558 1298 refert
580 1226 637 1316 Jo'.
656 1222 786 1300 Petrus
812 1223 996 1300 Ludevvi·

132 1324 216 1425 giut
242 1323 330 1417 (z).
375 1325 454 1422 Jam
476 1323 646 1399 vetohae
673 1324 756 1399 lites
782 1349 826 1399 ac
848 1342 997 1400 contro·

131 1420 279 1521 veriat,
290 1435 482 1522 utcunque
501 1425 651 1498 demum
669 1422 805 1514 finitae,¹
819 1447 998 1525 magnum

131 1518 330 1623 praestitere
358 1523 572 1620 obsequium
592 1524 646 1597 rei
664 1520 911 1622 diplomatica
929 1522 1000 1598 stoa

132 1620 211 1697 dio.
261 1620 344 1694 Hac
366 1624 466 1697 enim
491 1623 572 1712 via,
597 1640 641 1695 ut
661 1623 818 1721 quisque
843 1645 911 1722 pro
935 1618 998 1698 'vei

90 1805 94 1809 .
131 1736 268 1818 contra
289 1720 442 1813 Troiam
461 1725 640 1797 acerrime
662 1724 869 1822 pugnabat,
896 1723 999 1796 inno·

94 1836 117 1876 's
133 1820 210 1896 tuit
227 1820 387 1916 denique
409 1823 545 1893 veteris
562 1824 630 1913 arvi
650 1821 933 1918 orthographia,
959 1819 1000 1903 &

134 1918 327 1995 variorum
344 1916 547 1992 seculorum
566 1917 668 1990 vatia
689 1917 866 1990 scribendi
885 1916 1001 1989 tatio:

136 2016 376 2095 constitutum
407 2014 478 2092 fuit
505 2014 694 2092 codicibus
728 2035 897 2114 tempus,
925 2034 1002 2111 quo

90 2160 93 2164 ·
136 2118 180 2195 in
197 2115 319 2214 lucem
332 2116 425 2213 editi
444 2115 550 2191 sunt:
579 2115 768 2212 explicatu
782 2113 934 2188 fuerunt
949 2112 1000 2188 itt*

136 2212 373 2293 tricatiffimae
389 2232 487 2290 notae
507 2216 735 2301 chartarum,
762 2212 801 2289 δι
828 2212 1003 2288 breviata

136 2337 255 2392 voces
272 2312 338 2388 suae
355 2313 556 2412 integritati
577 2310 882 2390 restituebantur:
921 2334 1004 2388 exa·

96 2434 99 2439 ·
137 2414 281 2490 minata
302 2412 410 2512 figilla
427 2413 465 2489 ἃ
487 2406 806 2515 monogrammata
827 2411 1004 2513 diploma·

93 2550 104 2564 =
140 2530 249 2590 tumr
283 2510 427 2588 detetta
451 2537 599 2614 quoque
621 2535 751 2588 eorum
772 2512 892 2586 vitiat
925 2533 1005 2586 vet·

118 2614 214 2703 iio,
240 2611 331 2685 nihil
355 2611 522 2688 omilium
544 2612 614 2700 est,
648 2633 722 2708 quo
748 2611 828 2682 haec
851 2608 1006 2703 antiqui·

141 2713 232 2787 tatis
257 2731 497 2789 monumenta
515 2708 631 2814 magis
650 2708 841 2811 magisque
858 2705 1009 2782 iliustra-

133 2827 285 2891 'lentun
525 2836 528 2843 ’

913 3059 915 3065 .
940 2998 1008 3074 VI·-

188 3175 262 3273 (a)
284 3175 325 3244 o
339 3163 488 3262 utiquo
503 3171 722 3243 mouimus
736 3177 790 3238 am·
803 3118 1008 3261 opimatam

608 3295 637 3370 Β
664 3313 686 3389 5
