2136 3698
105 141 199 257 24⁶.
235 135 328 255 cap.
357 131 434 224 ur.
493 66 704 225 narraui
728 129 892 256 agno

105 289 317 367 haerendunt
344 282 416 362 eise
441 283 644 360 existimant
668 308 743 360 non
766 286 898 384 pauci,
922 296 962 358 ut

105 389 219 466 altera
245 385 479 472 excludatur,
502 383 562 458 sed
585 403 741 474 utraque
765 408 843 459 non
870 405 958 470 rato,

106 490 161 565 uti
187 509 245 561 tes
276 474 571 560 demonstrabiles
594 506 639 579 ac
673 482 893 557 discentium
918 482 961 557 iu

100 585 218 687 ¹genie
261 581 465 682 postulant,
506 576 643 669 utiliter
686 581 963 669 commiscetur,

107 685 210 765 unde
233 681 432 762 methodus
455 683 578 756 mixto
602 687 760 778 exurgit.
824 679 887 754 Ne
911 701 962 753 au·

109 799 189 858 tetn
214 779 289 856 ulla
308 779 454 855 istarum
474 783 585 854 trium
601 782 692 878 vaga'
708 778 747 850 srt
766 777 807 854 or
833 778 966 855 incoru-

110 879 249 982 pofita,
288 878 488 970 earundem
521 881 627 952 dotes
654 879 858 975 praecipuae
894 877 968 951 iuo't

111 979 387 1066 memorande,
405 1001 449 1053 ac
466 998 573 1052 certae
582 976 680 1076 leges
688 975 948 1057 constituenda
955 1021 974 1065 „

38 1166 40 1173 y
111 1079 207 1155 intra
241 1101 393 1175 quarum
426 1075 561 1151 limites
594 1093 780 1151 contentae
818 1078 868 1151 e'o
903 1096 970 1150 cet·

112 1178 188 1257 tius
211 1176 360 1257 utilitati
378 1197 422 1249 ac
441 1168 640 1269 neccffitati
658 1192 738 1249 tutu
758 1175 971 1258 docentium

113 1291 195 1353 turn
221 1273 435 1349 discentium
466 1273 658 1348 serviant..
716 1273 898 1348 universe
928 1270 974 1346 lo·

142 1376 263 1448 uendo
284 1372 448 1445 methodi
470 1371 604 1445 decora
624 1369 704 1443 suut
716 1367 973 1471 perspicuitas,

113 1398 278 1549 irruitur
303 1466 341 1543 dt
356 1449 540 1561 filicitas.
621 1469 680 1541 Ad
719 1471 885 1568 primurn
922 1470 975 1546 ob·
1010 1496 1012 1573 j

113 1569 311 1649 tinendum
332 1566 494 1640 adhiberi
522 1566 656 1640 debent
674 1565 780 1644 clarae
804 1573 975 1647 notiones

114 1666 178 1743 seu
195 1669 349 1761 termini
353 1715 367 1754 ‚
393 1664 688 1755 tales'ninrirum‚
706 1669 769 1762 qui
788 1670 845 1744 rei
865 1669 976 1766 cujus·

116 1788 191 1864 que
215 1765 405 1864 propoiitae
429 1787 533 1840 noras
559 1765 596 1837 dt
636 1763 895 1864 significantias
921 1789 976 1842 uo·

117 1865 177 1939 bis
204 1866 419 1951 exhibeant,
451 1862 497 1936 ad
530 1885 613 1935 earn
645 1862 976 1960 agnoscendam&

112 1964 166 2041 ab
191 1962 268 2036 aliis
288 1961 560 2037 discernendam
579 1979 692 2059 aptas.
726 1963 813 2057 His
831 1969 936 2043 enirn
957 1962 975 2036 i

120 2059 281 2136 obscuris
306 2079 370 2134 aut
387 2060 511 2133 'dubiis
533 2079 703 2155 ,utamun
746 2060 827 2158 ipso
854 2063 1001 2157 statim:

119 2158 159 2237 in
185 2157 311 2234 limine
330 2164 576 2239 caecutientus·
624 2159 732 2256 Opus
757 2162 875 2258 igitur
900 2158 1005 2249 erit]

120 2278 293 2335 accurata
317 2251 530 2333 definitione
555 2260 727 2333 terminos
756 2283 893 2355 omnes
922 2256 1003 2353 ,eu'

78 2444 81 2457 J
121 2354 270 2455 plicare.
320 2356 434 2430 Turn
458 2380 503 2433 ex
535 2355 591 2429 his
625 2356 894 2456 propositiones
919 2379 975 2460 per

118 2448 289 2556 'proprias
311 2454 355 2545 iis
381 2456 479 2627 leges
502 2455 552 2527 ita
584 2456 819 2544 ordinentur,
863 2478 908 2533 ut
933 2458 975 2532 iti·

123 2571 184 2629 ter
209 2553 270 2642 id,
294 2557 395 2648 quod
434 2553 625 2647 obiicitur,
652 2557 690 2630 dt
722 2555 822 2652 quod
856 2556 975 2654 predi

123 2670 248 2739 catur,
293 2651 390 2729 clare
408 2651 593 2748 adpareat
627 2656 888 2730 convenientia
922 2649 1002 2735 vel?

100 2799 102 2806 ·
124 2747 393 2851 discrepantia,
415 2749 457 2835 ‘dt
477 2772 506 2823 e
531 2752 639 2826 notisx
654 2752 712 2826 seu
738 2751 895 2850 ptaelixis
922 2753 975 2831 seu

123 2848 246 2923 tacitis
272 2848 349 2939 tuni
374 2846 556 2944 generalia
580 2851 619 2925 dr
643 2849 860 2952 iugularit,
901 2873 975 2928 tunt

123 2941 341 3039 affirmantia
366 2947 404 3021 dr
428 2948 599 3045 negantia
623 2948 691 3024 rite
715 2946 973 3051 intelligantur.

123 3044 286 3121 Demutn
319 3046 614 3129 ratiocinationes
649 3071 691 3121 ea
723 3045 867 3125 ratione
899 3071 975 3147 pet·

125 3140 349 3237 tradentur,
375 3163 417 3218 ut
438 3146 642 3247 coniiautet
664 3149 877 3251 precedant
890 3144 974 3321 'mi’

448 3286 457 3297 -
533 3296 537 3306 ι
599 3282 602 3287 ’
884 3267 974 3325 une
