2136 3698
429 190 618 309 Historiae.
868 221 953 312 203

98 338 176 431 bis,
206 339 456 442 &equivocis
471 344 526 417 uti
541 342 786 418 sermonibus:
813 342 862 419 ob
878 347 956 421 haec
989 348 992 353 '

100 438 314 531 laudantur,
356 458 531 539 tanquam
564 439 680 516 festivi
712 444 846 540 ingenii
887 447 956 541 pri-

100 561 181 615 mos
206 535 336 631 flores:
363 538 440 615 haec
460 538 600 614 discunt
627 556 816 636 pareutum
835 566 956 619 exem·

100 636 197 734 plis:
251 636 381 739 procul
420 635 538 714 ferula
571 638 709 713 vindex
740 638 956 732 criminum,

99 734 232 837 procul
257 734 363 811 tristis
389 735 577 825 Orbilius,
611 737 649 811 δι
672 736 850 834 quidquid
872 760 958 814 con·

100 834 232 915 trillnri
260 853 324 935 aur
358 858 531 912 coercere
555 834 769 915 insolentem
801 858 956 933 puerum

90 929 239 1033 'poliere
266 933 386 1008 Prima
406 929 634 1031 politicarum
652 933 959 1024 ortium,'ultime

99 1050 188 1111 cura
213 1033 380 1135 pietatis,
406 1032 611 1144 religionis,
631 1032 799 1146 ingenua
816 1028 960 1117 indolis.

155 1228 334 1329 Legimus
376 1227 414 1303 in
454 1227 600 1312 historia
639 1224 790 1325 profana
825 1231 959 1303 Numae

98 1327 271 1427 Pompilii
289 1325 555 1405 solicitudinem
574 1327 741 1414 nascente
758 1350 873 1429 regno
890 1330 959 1415 Ro·

98 1449 212 1521 mano
244 1427 342 1503 circa
375 1426 576 1510 ordinanda
612 1425 733 1515 sacre,
770 1426 959 1508 statuenda

99 1526 269 1621 Deorum
296 1523 504 1613 fimulama,
530 1548 574 1599 ac
590 1525 829 1601 sacerdotum
853 1526 959 1605 mini·

98 1622 206 1723 stetin
230 1621 301 1702 desi
329 1625 467 1703 natidae
494 1624 619 1702 AEneae
644 1623 819 1721 pietatem
845 1624 883 1706 in
909 1622 960 1709 su·

123 1728 231 1799 eros:
259 1648 420 1800 inglacra
435 1743 541 1811 vero,¹
557 1718 664 1802 Mons
681 1721 718 1806 δι
733 1722 888 1807 neronis
913 1721 960 1805 la·

98 1746 208 1905 loros
234 1821 272 1898 in
300 1820 506 1901 erudiendo
538 1819 584 1904 ad
617 1821 687 1905 Dei
714 1823 793 1901 veri
818 1818 963 1905 cultum

97 1920 264 2023 populo,
299 1919 336 1995 in
353 1919 527 2016 erigendo
549 1917 785 2001 tabernaculo
795 1963 812 2007 ,,
849 1916 886 1991 in
911 1914 964 1989 la·

55 2084 58 2089 .
98 2018 269 2109 orificiis,
295 2014 391 2094 festis
408 2019 445 2098 δι
462 2016 682 2101 ceremoniis
699 2014 770 2087 rite
788 2016 961 2113 peragen-

98 2118 179 2215 dis3
208 2116 413 2195 Salomonis
428 2114 609 2214 templum
626 2112 849 2214 Solymaeum
861 2162 874 2209 2
899 2135 964 2189 aus

98 2238 154 2309 ro,
170 2235 325 2316 argento
343 2237 386 2288 ac
400 2208 656 2316 pretiofiffimis
666 2210 845 2311 lup-idibus
860 2234 963 2288 exor-

99 2334 255 2393 natum:
291 2313 587 2397 Machabaeorum
623 2335 689 2411 pru
711 2311 848 2397 tuenda
874 2334 963 2387 vera

99 2415 280 2515 religione
303 2411 456 2516 gloriose
481 2434 565 2495 cum
583 2412 771 2493 Antiocho
787 2414 963 2512 Tyranno

104 2519 320 2591 memmius.
376 2511 447 2585 Sed
475 2513 558 2613 quis
584 2511 711 2593 nostris
737 2511 964 2610 temporibus

101 2634 170 2713 pro
184 2610 379 2710 Religione
399 2607 519 2688 zelus?
547 2632 625 2708 quae
641 2632 763 2687 rerum
783 2609 965 2684 sacrarum

102 2714 334 2788 reverentia?
379 2714 439 2781 An
467 2731 543 2783 nou
570 2731 654 2786 cum
683 2707 765 2789 Oza
790 2708 828 2784 ἃ
857 2704 965 2783 Saule

105 2809 356 2886 immittuntur
388 2806 548 2907 profanae
573 2829 703 2899 manus
737 2801 967 2902 inreligiosa

106 2907 299 2985 ministeria
320 2906 356 2980 &
374 2903 476 2997 jura?
504 2910 561 2978 An
585 2928 660 2978 non
685 2925 770 2975 cum
792 2900 964 2977 Heliodo-

107 3030 147 3083 ro
171 3004 380 3105 expilautur
398 3005 522 3078 aeraria
540 3004 577 3077 ἃ
598 2999 760 3074 Ecclefiae
785 2998 963 3075 thesaurii

110 3106 177 3183 ubi
205 3102 458 3192 Constantini,
494 3100 619 3176 Caroli
648 3099 699 3172 M.
734 3095 842 3174 senili
867 3098 965 3175 Hen-

108 3207 187 3301 rici,
214 3204 478 3306 Imperatores,
504 3200 568 3300 qui
586 3220 643 3282 tot
661 3196 853 3292 Ecclefias,
877 3197 963 3378 Mlp·
988 3257 993 3262 .

109 3328 112 3335 ’
854 3323 903 3381 Μ
935 3323 974 3380 0·
1008 3360 1014 3366 -
