2136 3698
402 159 591 281 Historiae.
840 191 921 279 191

20 339 26 348 ·
64 334 112 392 ec
130 306 319 407 Principes
336 310 552 395 catholicos
573 327 591 388 t
614 332 764 402 rennos,
789 313 926 411 rrfinor,

68 411 173 515 Papa
177 408 390 515 pedrffequos
402 411 480 492 &n
504 421 542 487 in
557 337 654 487 lilris
666 430 758 512 typo
772 413 920 514 impres·

69 511 135 601 fis,
170 512 236 611 qul
253 510 464 589 adhucdum
492 508 694 609 superstites
717 510 818 603 sunt,
847 511 920 592 toti

65 612 208 687 mundo
232 607 501 711 promulgasse:
544 610 703 698 constat,
733 612 921 691 neminem

65 711 183 811 nugis
203 710 451 810 imperatoriis
464 706 584 803 iuffis,
612 709 788 798 decretis,
813 711 852 786 br
864 712 922 807 ju·

64 809 164 884 ribus
187 806 382 903 Maiestatis
405 803 439 884 se
453 808 486 884 se
507 829 715 907 opponere,
742 830 785 881 rc
803 806 920 906 lupre-

62 929 165 983 mern
184 907 399 1006 dignitatern
417 909 463 1005 in
482 905 589 981 terris
610 905 678 981 suis
699 905 919 999 conceleres

30 1024 32 1029 ⁴
62 1028 175 1107 quarn
200 1008 353 1081 eosdem
376 1004 635 1097 Protrstantes,
670 1020 713 1079 ut
739 999 919 1103 presens,
1031 1024 1034 1029 ·

62 1127 140 1204 quo
162 1104 297 1193 scribo,
321 1103 431 1201 ferde
457 1104 592 1181 bellum
611 1103 823 1180 Germanice
848 1123 918 1178 nos

61 1205 200 1279 docet:
235 1201 394 1291 constet,
426 1207 525 1302 quod
551 1201 707 1303 specioso
731 1198 918 1297 Refhrma·

59 1299 301 1383 tionirtitulo
320 1302 483 1409 integros
511 1300 762 1402 Episcopatus,
800 1303 918 1379 Abba·

60 1405 155 1494 tiss,
197 1399 415 1477 Monsllerir
442 1395 751 1501 areligiosrffimis
770 1399 917 1494 Maiori·

59 1501 186 1588 ribus,-
210 1498 437 1589 Genusus·
452 1501 634 1600 Regibus,
668 1499 916 1597 Principibus,
1025 1516 1029 1524 ·

57 1598 254 1678 Nobilibus
274 1599 320 1673 ad
334 1599 403 1674 Del
423 1597 561 1674 cultum
579 1593 820 1673 liberalissime
838 1596 914 1674 fun·

57 1699 360 1799 dntadotetaque
374 1697 551 1800 sacrilegis
567 1693 675 1773 armis
697 1697 914 1790 invaserint,

57 1799 107 1874 ab
141 1793 299 1873 Ecclesia
337 1794 552 1887 evulserint,
596 1819 639 1871 ac
678 1796 926 1888 devorarint3·

52 1897 164 1998 quod
180 1894 294 1972 lucras
310 1891 513 1995 imagines,
549 1895 587 1968 δι
614 1895 790 1992 quidquid
806 1891 844 1966 in
860 1915 913 1969 re·

57 1995 200 2097 ligione
225 1992 419 2070 Catholica
448 1991 608 2068 sancium
632 1990 703 2078 est,
754 1991 915 2065 elimina·

58 2096 137 2175 rint
166 2115 210 2168 sc
231 2091 370 2194 pessum
390 2094 569 2168 dederint.
634 2091 764 2166 Ethoc
779 2089 849 2179 est,
888 2088 920 2166 li

57 2192 209 2292 Superis
226 2191 370 2291 placet,
395 2188 444 2264 ad
453 2188 528 2263 Dei
535 2184 698 2266 bonorem
704 2240 718 2280 ‚
742 2186 915 2265 adEcrle·

50 2288 119 2390 fia
135 2313 229 2365 verae
255 2292 529 2378 incrementum,
564 2291 769 2365 &scribere
788 2305 912 2391 tempe·

60 2398 149 2473 'rato
165 2387 317 2479 calamo,
362 2405 406 2463 ut
427 2415 524 2463 nemo
538 2386 645 2488 poffit
664 2387 815 2484 offindi‚
854 2393 911 2467 utl

86 2486 233 2563 raefatur
254 2491 478 2565 memoratus
495 2491 693 2564 fridericus
713 2489 912 2588 Georgius.

50 2624 59 2631 -
97 2610 186 2661 num
208 2584 361 2676 adduxi,
403 2587 441 2662 ἃ
465 2611 511 2660 ex
544 2611 619 2661 uno
645 2610 781 2686 pauca:
830 2587 911 2662 sune

49 2682 284 2786 enirnlonge
300 2686 427 2777 plura,
460 2686 694 2773 erudierim,
729 2709 811 2785 quae
828 2704 911 2763 toto.

60 2784 98 2860 ln
113 2783 243 2880 Opere
260 2781 415 2860 effutiitr
450 2783 530 2857 sunt
555 2783 736 2882 &reliqui
753 2786 911 2879 Scripto-

60 2906 119 2978 res
138 2881 489 2979 Araurolicifarque
521 2882 710 2968 Historici‚
752 2905 911 2978 quorum

59 2980 185 3080 paullo
208 2997 295 3057 ante
318 2981 492 3067 memini,
535 3003 605 3055 nec
626 2980 703 3053 hilo
725 2981 912 3073 meliores,

58 3100 104 3155 ut
136 3073 264 3180 puffinr
288 3077 398 3155 libros
432 3103 561 3156 eorum
593 3078 757 3153 volventi
795 3100 911 3176 patet.

59 3177 250 3259 Praeerrn
286 3195 413 3261 tumen
446 3181 547 3259 nelas
577 3177 675 3259 foret
704 3179 909 3257 Samuelem
1035 3197 1043 3281 j

350 3292 367 3331 1
381 3330 385 3337 ,

830 3276 918 3375 rus·
