2136 3698
150 296 159 307 ,
435 182 626 298 Historiae.
907 201 969 312 69

58 352 82 419 ¹².
114 352 243 434 prtem
256 378 273 424 ,
296 328 528 422 nobellum,
555 335 789 428 adeonstiia,
815 343 863 417 ad
886 368 965 422 mn·

114 454 168 507 res
201 450 266 508 ac·
284 429 586 522 consuetudines,
639 438 684 511 ad
730 435 872 528 officia,
912 446 963 519 ad

57 544 60 553 '
112 527 351 630 legationes,¹
372 528 419 604 ad
444 553 489 604 ne
515 534 734 628 otiationes,
769 539 816 612 ad
835 534 964 617 ¹'varios

57 692 59 699 .
112 628 234 720 rasus,
258 623 468 735 quicunque
490 554 562 704 iac
585 631 622 705 in
639 635 715 708 vita
739 632 883 734 possunt
903 663 961 715 ao·

57 790 59 803 .
111 727 246 803 cidere.
300 724 552 801 Nihilominus
578 728 754 825 prima&
779 738 961 835 pturipua

57 876 63 925 :
109 824 271 902 historici
292 848 381 901 cura
399 823 533 899 versari
556 827 668 901 debet
690 827 785 904 eirca
803 831 976 933 designo·

109 924 192 1003 dam
219 926 346 1022 operi,
373 924 472 1020 quod
497 925 719 1013 meditatur,
755 934 959 1007 materiem.

108 1021 277 1122 inprimis
291 1044 422 1120 magna
440 1019 480 1094 sit
493 1043 662 1121 oportet,
677 1025 714 1099 or
732 1023 862 1124 digna,
878 1049 959 1124 quat

57 1128 62 1145 “
106 1122 149 1196 ad
178 1119 407 1222 posterorum
432 1121 646 1197 memoriam
668 1124 958 1219 transmittatur,

68 1260 72 1267 ·
105 1220 254 1297 dicente
269 1212 393 1294 'stillio
417 1214 484 1313 (s)
497 1244 524 1291 ε,
547 1216 592 1293 In
608 1213 709 1295 rebus
730 1223 871 1335 mugnis
884 1246 954 1299 rue.

56 1324 59 1337 '
103 1321 288 1423 muriaque
303 1312 425 1420 dignis
448 1312 633 1409 historiam
658 1316 812 1414 verfim.
863 1322 954 1397 Prte-

104 1436 203 1493 tetea
217 1416 394 1498 convenit
413 1414 643 1507 examinare,
665 1442 753 1492 num
774 1436 861 1517 apta
885 1419 949 1510 sit,¹

102 1534 141 1591 ttt
175 1514 383 1591 accedente
410 1514 597 1611 partium,
629 1538 831 1632 eorumque
871 1541 952 1619 quae

57 1644 63 1657 ·
100 1611 353 1701 circumstant,
378 1609 621 1712 dispositione,
646 1632 880 1705 acrartetate
897 1639 951 1692 re-

79 1752 81 1757 ·
100 1724 180 1788 rum
190 1758 205 1801 ,
231 1710 271 1786 &
287 1705 528 1786 viciffitudine
547 1728 770 1803 eventuum,
794 1737 873 1812 que
890 1717 966 1790 ad·-

58 1822 68 1843 '·
97 1812 333 1895 mirationem
360 1810 514 1898 habent,
549 1832 718 1900 amoena,
751 1834 886 1912 grata,
911 1814 968 1894 δι,

60 1978 65 1987 .
99 1908 238 1985 curiosa
273 1907 457 1984 reddatur.
507 1908 565 1983 Sic
604 1908 792 2007 explorata
824 1910 951 1984 indole

99 2007 261 2082 materiae
286 2024 407 2080 certus
425 2007 517 2083 ordo
541 2007 804 2080 narrandorum
823 2003 951 2104 prasti-

100 2107 280 2195 tuendus,
306 2129 380 2205 quo
402 2105 440 2178 ἃ
462 2127 541 2201 quae
558 2104 718 2177 maxime
734 2126 825 2203 vaga
845 2102 947 2198 suut,

98 2205 384 2291 contrahantur,
411 2205 448 2284 ὃς
479 2201 561 2300 quae'
584 2199 644 2273 vel
663 2199 808 2277 utilitati
834 2200 947 2281 ictio·

98 2324 178 2376 rum
204 2300 267 2376 vei
294 2295 524 2376 deleiiatioui
549 2297 679 2375 servire
703 2299 866 2400 possunt,
887 2325 948 2377 ex·

68 2470 71 2477 ,
98 2399 313 2487 tendantur3
334 2400 497 2498 quaedam
512 2400 672 2489 breviter
685 2400 721 2473 ἃ
738 2400 832 2498 quast
848 2399 944 2477 aliud
958 2436 961 2441 ·

64 2525 67 2529 ’
98 2497 242 2598 agendo
260 2496 481 2585 referantur,
505 2496 675 2573 asiacum
698 2495 864 2573 studio&
884 2520 945 2573 cu·

97 2617 136 2670 ra
162 2594 355 2673 enucleate
378 2617 581 2670 narrentur.
631 2595 814 2671 Nimirum
838 2598 945 2673 initio
1048 2638 1051 2643 ·

97 2691 213 2769 statim
239 2695 335 2769 certi·
354 2691 488 2769 limites
506 2694 585 2769 sunt
606 2695 787 2794 ponendi,
813 2718 860 2769 ne
881 2717 945 2792 po·

65 2838 72 2857 t
96 2790 166 2868 sita
184 2791 257 2868 sine
275 2790 357 2893 iege
373 2790 648 2885 circumferatur
662 2792 819 2869 historia.
844 2793 957 2884 Tum·

97 2890 279 2993 designata
298 2892 335 2965 &
351 2891 466 2965 veluti
482 2891 556 2983 jam
579 2910 774 2990 praeparata
790 2890 945 2966 materia

98 2989 140 3063 ad
156 2991 325 3067 intimam
340 2988 456 3080 iilius,
481 2990 741 3089 omniumque,
765 3009 844 3090 quae
861 2981 942 3104 earsr

833 3107 943 3166 Comi·

85 3150 112 3264 .’
136 3198 195 3282 (r)
221 3189 294 3266 tn.
310 3218 343 3268 α.
366 3191 401 3265 a
423 3199 510 3267 om.

521 3285 596 3455 E.)
