2136 3698
104 162 170 249 23
449 140 541 261 Cap
576 143 624 234 V„

100 322 146 377 ac
163 291 504 385 communicationis
526 273 867 395 diffuffionisquein
882 292 965 391 lon,

100 390 240 505 gillirna
267 389 380 494 spatia
404 394 669 492 expiarentura
695 396 910 499 demum'ut
927 398 966 473 in

100 490 259 569 caussam
299 491 494 570 effetluurn
529 492 681 570 istorum
720 493 887 572 nondum
920 492 965 571 sa·

100 584 154 693 ιἰἰΙ
203 592 398 693 tripodam
416 594 645 692 inquiratur,
672 618 782 694 quam
807 592 866 668 alii
893 594 971 679 sub,-¹

100 618 263 769 crniimo
290 690 416 792 ctlleri
450 716 548 766 nunc
582 689 747 770 affluenti
782 715 883 781 nune
918 716 971 771 re·

103 786 258 882 fluenti,
284 790 343 866 alii
368 816 458 868 vero
484 788 697 867 fluidissimae
717 793 873 868 cuidam
898 817 971 871 rna·

103 894 206 985 teriae
239 890 417 967 eletlricae
451 916 516 991 per
551 888 756 968 fridilonem
800 894 971 969 excitate

103 992 277 1109 gravibus
325 992 498 1089 utrinque
539 995 725 1068 rationum
769 992 972 1069 momentle

104 1115 146 1167 ιιι
171 1090 335 1164 medium
362 1087 527 1165 adduciis
561 1092 738 1166 tribuunt.
815 1091 972 1167 Grande

104 1212 230 1266 aurern
255 1193 352 1263 inter
376 1212 574 1288 utramque
601 1189 818 1265 sententiam
845 1190 899 1267 est
924 1192 972 1267 di·

105 1286 284 1363 sennen:
312 1289 348 1362 in
375 1292 491 1387 prima
511 1292 608 1362 enim
627 1284 894 1386 dispensaretur
917 1290 973 1365 via

20 1388 23 1395 '
106 1384 275 1460 eledrica
314 1407 519 1486 acorpore
553 1383 747 1479 cleririco,
779 1386 842 1465 seu
876 1388 975 1469 virtu

105 1486 247 1583 agitato
271 1508 338 1584 per
372 1484 444 1559 alia
475 1506 633 1583 corpora
670 1486 707 1559 in
735 1507 881 1586 partem
918 1510 975 1565 ιιι·

107 1582 284 1661 teriorenr
311 1587 472 1661 maximo
497 1586 608 1659 etiarn
634 1580 770 1685 spatior
796 1587 834 1663 in
860 1584 975 1665 altera

107 1706 200 1759 uero
227 1682 352 1759 versus
384 1706 518 1782 corpus
553 1680 761 1758 erectricem
795 1682 917 1762 latens
939 1688 975 1761 iu

110 1786 328 1877 corporibus
346 1784 477 1857 vicinis
492 1786 663 1858 materies
675 1783 873 1875 retrorsum
898 1806 975 1887 pto·

110 1879 335 1981 pelleretur,
360 1882 412 1958 ita
433 1902 476 1956 ut
494 1884 623 1980 prioris
645 1884 834 1959 sententiaa
859 1896 977 1983 patro·¹

110 1983 150 2057 ni
175 1982 279 2056 velut
304 1983 349 2055 ab
376 1999 460 2056 ortu
487 1983 524 2055 in
550 1980 742 2069 occasum,
766 1978 976 2082 posterioria

113 2094 211 2156 vero'
233 2081 279 2153 ab
305 2081 435 2157 occasu
461 2080 507 2154 ad
532 2101 657 2157 ortum
682 2086 977 2181 progrediantur.

76 2190 79 2194 ’
164 2178 353 2253 Caeterum
400 2176 476 2253 aliae
519 2200 717 2277 corporum
763 2178 975 2259 affectiones

115 2270 212 2361 sunt,
238 2301 328 2378 quas
338 2278 570 2379 Peripatetici
581 2275 802 2373 Accidentia
825 2281 864 2359 dt
887 2278 979 2388 Qa-

115 2370 242 2454 litotes
265 2398 425 2468 vocant,
452 2378 499 2455 de
525 2402 680 2479 quarum
707 2400 837 2454 natura
864 2380 905 2456 δι
930 2405 977 2460 ιιι·

115 2474 203 2550 dole
224 2479 357 2577 ingens
384 2475 517 2553 bellum
544 2502 566 2552 a
588 2476 707 2554 multo
732 2495 907 2579 tempore
927 2480 979 2557 in·

116 2590 176 2647 ter
209 2573 375 2673 ipsos&
408 2574 605 2649 Atomistas
638 2575 803 2665 erarius
827 2580 893 2655 vix
923 2576 980 2655 all-

118 2676 267 2771 quando
293 2672 504 2749 finiendum.
538 2668 773 2774 Distinguunt
794 2677 898 2753 enim
919 2678 981 2755 Pe·

113 2772 301 2867 ripatetici
326 2773 425 2847 inter
450 2772 620 2848 accidens
642 2769 839 2871 absolutum
856 2776 897 2853 dr
914 2801 982 2855 rer·

117 2865 217 2945 dala·
257 2869 349 2943 illud
385 2866 457 2947 effe
497 2876 647 2963 dicunt,
681 2877 793 2975 'quod
820 2870 981 2977 fitbjesie

120 2967 270 3067 quidem
295 2971 472 3063 inhaeret,
509 2972 560 3046 ita
584 2984 731 3062 tamen,
766 2993 808 3048 ut
833 2975 909 3051 stne
935 2996 985 3061 eu,

121 3064 275 3143 existere
300 3066 430 3147 altiore
456 3066 578 3147 saltem
598 3073 736 3147 virtute
759 3069 887 3169 polilt:
909 3075 981 3153 hue

98 3183 271 3261 aurem,
296 3169 397 3272 quod
418 3168 472 3261 ita
495 3195 517 3248 a
539 3165 696 3270 subicito
721 3172 823 3273 quod
847 3168 984 3348 pfficiu

91 3344 98 3351 .
277 3314 281 3318 ·
874 3296 979 3377 epen-
