2136 3698
1 1280 2 1297 ,
104 1243 215 1318 pum,

108 186 168 306 4²4
351 184 441 302 Cap.
470 183 525 274 ΙΙ.
563 180 752 302 ‘ffifloria

106 324 403 437 populi,'.'regni,
431 361 473 412 ac
489 337 657 436 Imperii,
678 335 740 411 vei
758 336 963 434 paucarum

107 435 351 534 prastantium
368 437 529 508 virorum
540 485 553 523 ,
579 455 622 509 ut
643 436 693 508 ita
712 436 830 509 dicam
851 458 962 534 angu-

106 533 178 608 stos
203 532 336 608 limites
361 532 394 607 se
417 531 450 606 se
469 535 669 621 continuit,
695 531 815 632 pustea
837 551 961 609 totum

106 656 179 730 qua
200 630 272 706 late
293 650 396 730 patet
414 628 610 733 peragrasse
625 632 771 721 orbem,
797 631 961 728 nihilque

106 728 282 805 imatium
298 727 488 828 reliquisse.
534 732 683 830 Quippe
697 731 863 806 omnium
880 731 961 807 Mo·

105 830 357 914 narchiarum,
389 853 428 902 re
456 853 586 904 norum
607 854 661 903 »ac
687 829 960 930 principatuum

104 927 231 1017 initia,
277 853 560 1027 progressiones,
600 952 643 1002 ac
674 925 957 1003 viciiiitudinesa

103 1021 338 1126 migrationes
375 1027 539 1122 gentium
572 1048 615 1119 ac
649 1027 868 1127 populorum
912 1047 960 1101 cx

104 1123 182 1198 aliis
205 1147 244 1196 te
272 1122 414 1199 ionibus
438 1124 474 1194 in
494 1120 604 1194 aliast
637 1122 801 1219 Regum,
826 1119 960 1221 Princi-

246 1149 498 1313 {tlilustrium
524 1217 959 1312 Familiammconti‘nuas

102 1311 360 1400 successiones:
411 1318 575 1414 antiqui,
625 1317 757 1404 medii,
800 1340 843 1390 ac
867 1317 959 1392 novi

103 1412 173 1490 aevi
190 1439 247 1488 res
264 1415 379 1513 gestas
399 1416 436 1490 &
452 1432 689 1489 monumenta
706 1414 959 1514 magnitudine

104 1513 398 1603 innumerabilia,
435 1516 614 1588 varietate
631 1508 845 1613 gratiiiima,
878 1535 958 1587 mo·

102 1615 152 1686 do
176 1611 380 1710 legentibus
400 1611 526 1702 offert,
560 1638 602 1686 ac
629 1611 744 1685 veluti
768 1609 958 1710 spetianda

100 1712 260 1809 praebct,
286 1712 337 1784 ita
357 1730 400 1783 ut
422 1711 488 1784 suis
509 1708 707 1785 cultoribus
724 1711 863 1790 nonita
881 1707 958 1784 lon·

21 1802 30 1841 ‘'
101 1812 138 1910 gi
162 1810 338 1907 temporis
367 1808 503 1906 spatio,
546 1812 645 1907 quod
668 1810 755 1883 huic
778 1808 893 1882 studio
918 1808 958 1885 &

101 1907 302 1984 Autiorum
324 1905 469 1982 letiioni
490 1907 612 1983 sedulo
638 1910 878 2002 impendunt,
909 1908 956 1980 ab

102 2008 193 2083 orbe
210 2008 360 2082 condito
385 2008 431 2081 ad
451 2011 528 2082 haec
546 2031 662 2105 usque
687 2005 805 2080 secula
832 2029 957 2080 rerum

102 2111 269 2180 omnium
284 2107 453 2181 notitiam
465 2101 693 2206 largiffimam
706 2103 955 2179 subministret.

63 2250 78 2258 a·
102 2203 194 2278 Haec
210 2221 332 2276 autem
351 2208 530 2278 omniain
552 2206 713 2279 medium
732 2204 956 2302 producere,

102 2298 353 2400 exemplisque
377 2303 683 2388 commonstrare,
727 2299 889 2394 infinituq
909 2298 956 2371 la·

102 2400 170 2474 bor
186 2395 306 2482 foret,
332 2421 400 2472 uec
428 2397 591 2471 instituto
616 2420 699 2469 meo
720 2400 956 2472 conveniens.

100 2499 234 2573 Fontes
253 2494 365 2571 solum
386 2495 547 2572 indicare
572 2497 712 2568 animus
741 2495 812 2582 cst,
848 2496 956 2590 equi-

102 2595 170 2668 bus
191 2589 404 2692 ampiissima
426 2594 505 2666 haec
527 2594 658 2667 notitia
679 2593 813 2666 hauriri
833 2612 955 2687 queat.

100 2688 225 2792 Atque
244 2712 287 2766 ut
311 2692 356 2764 ab
379 2690 447 2766 illis
471 2693 614 2765 initium
636 2691 790 2778 ducam,
827 2692 888 2786 qui
908 2692 957 2765 dc

101 2792 176 2890 ipsa
193 2789 378 2866 historicas
407 2810 485 2862 arte
512 2792 606 2864 bene
627 2789 747 2883 metiti
771 2787 871 2877 sunt,
909 2810 957 2864 ex

100 2892 273 2988 Antiquis
306 2887 409 2963 fuere
441 2889 644 2976 Lu'cianus,
685 2888 723 2962 ἃ
764 2886 956 2984 Dionyfiut

101 2984 415 3064 Halicarnaffeust
448 2987 509 3062 ille
536 2988 636 3060 brevi
656 2983 797 3074 libello,
832 2987 893 3059 hic
909 2983 957 3057 ai

102 3107 207 3173 tero,
239 3109 352 3184 quem
382 3084 552 3183 inscripsit
578 3082 770 3182 Jndieium
791 3081 832 3158 de
866 3079 956 3179 Thu-

101 3181 249 3289 cydide,
295 3186 496 3261 condenda
522 3182 677 3260 historia
705 3186 885 3263 rationem
910 3203 956 3257 ac
980 3237 1000 3260 ..

671 3314 673 3325 ·
842 3301 957 3357 ,uoto
