2136 3698
107 151 137 185 ·’
240 173 309 268 ss&
332 171 491 286 legenda
507 175 688 292 Historia.
831 154 915 297 133

54 319 179 410 solet,
217 340 282 396 aut
313 336 359 398 c'x
390 322 542 401 falfitate
565 325 708 404 lucrum
733 329 915 410 accrescit.

50 423 110 528 pita
137 422 398 510 venerabundi
415 424 630 524 accipimus,
657 427 679 501 sr
705 451 793 528 quas
817 427 914 505 refe·

37 537 139 600 'rant
162 517 327 595 historias
354 525 412 596 SS.
439 524 663 622 Cyprianus,
689 524 914 617 Ambroiius,

55 621 331 717 Hieronymus,
364 621 606 724 Augustinus,
634 624 833 796 Greporius
857 628 913 702 M.
941 690 948 705 t

55 720 103 794 V.
127 718 260 806 Beda,
292 719 458 818 aliique,
486 720 509 793 fi
533 724 681 819 inquam
721 747 741 796 e
766 723 927 814 vidiiie,

57 815 913 917 autaPatribusAntiquioribusvelManribus,

56 919 157 1016 quod
183 918 367 1006 viderint,
384 915 560 1014 accepiiie
582 915 769 993 testentur.
798 916 917 1019 Qar·
971 986 975 999 .

56 1031 125 1106 to,
165 1039 230 1090 eos
257 1016 395 1091 caeteris
423 1015 611 1091 historicos
644 1019 779 1091 merito
813 1034 918 1091 ante·
1009 1076 1012 1083 .

54 1110 232 1198 ferimus,
259 1118 321 1214 qui
347 1115 483 1214 ingenii
508 1115 690 1194 severitati
715 1115 917 1212 adjunxere

55 1215 291 1316 prudentiam
324 1214 361 1288 ἃ
386 1213 432 1286 ad
459 1212 693 1310 eligendum,
730 1215 768 1290 ὅ(
791 1215 839 1288 ad
863 1216 917 1309 ju·

53 1315 267 1392 dicandum.
319 1315 413 1413 Quat
439 1310 499 1386 lex
525 1314 562 1386 in
587 1314 628 1388 iis
654 1313 762 1390 rebus
788 1312 915 1388 locum

54 1415 201 1504 habet,
243 1435 332 1510 quas
365 1434 485 1508 neque
517 1411 707 1510 scriptores
739 1410 801 1509 ipfi
834 1411 916 1487 sunt
950 1416 953 1421 ’

53 1512 208 1602 intuiti,
231 1533 301 1585 nec
325 1535 346 1584 a
369 1511 457 1585 viris
479 1508 552 1585 fide
573 1510 713 1610 dignis,
736 1511 838 1611 quod
863 1511 916 1585 vi·

56 1613 210 1698 derint,
246 1607 308 1709 ipsr
351 1610 571 1692 audierunt:
612 1609 780 1692 homines
814 1610 915 1684 enim

56 1722 190 1810 'graves
226 1709 264 1782 ὅ(
290 1706 404 1782 severi
430 1711 503 1782 non
531 1705 644 1784 solent
668 1709 814 1782 inanem
839 1705 917 1781 vul-

56 1811 92 1909 gi
118 1809 334 1883 sermonem·
352 1808 535 1904 aucupari.
606 1803 703 1880 Huic
733 1808 830 1879 addo
857 1829 917 1903 ge-

55 1911 196 1982 minam
223 1905 356 1980 aliam:
391 1930 526 1994 unam,
553 1904 576 1978 ii
604 1901 785 2000 scriptoris
811 1901 918 1975 alicu-

57 2006 113 2101 ius
156 2007 317 2078 narratio
359 2005 557 2079 conveniat
599 2024 684 2074 cum
731 1999 917 2097 pluribus,

58 2106 219 2180 maxime
251 2104 414 2195 ejusdem
447 2106 513 2175 aevi
529 2152 541 2189 ,
581 2099 643 2172 nisr
667 2096 788 2198 gravis
816 2097 917 2196 suspi-

59 2207 118 2278 cio
150 2204 326 2289 accedat,
373 2225 454 2276 eam
481 2225 502 2273 a
528 2197 688 2297 pluribus
714 2222 759 2273 ex
784 2200 918 2272 eodem

58 2300 166 2377 fonte
200 2302 320 2375 minus
347 2299 482 2374 fincero
516 2297 676 2373 haustam
702 2317 766 2371 aut
790 2296 919 2371 descri-
990 2354 992 2362 ,

58 2420 163 2502 ptam
188 2398 302 2475 fuisse:
329 2397 533 2486 alterannfi
559 2400 596 2470 in
617 2397 801 2494 plerisque
827 2394 921 2484 aliis,
972 2415 973 2419 ’

60 2521 144 2598 quae
178 2517 301 2572 narrat
336 2497 461 2571 audior
497 2494 569 2568 fide
603 2497 763 2594 dignus,
806 2516 920 2569 verax

62 2593 135 2672 effe
160 2597 483 2697 deprehendatur,
524 2596 656 2696 merito
681 2592 833 2687 judicari
857 2614 921 2688 po·

61 2694 152 2781 test,
176 2719 263 2770 eum
289 2696 327 2768 in
351 2693 572 2769 recensendo
599 2693 671 2765 hoc
696 2689 756 2765 vel
782 2691 847 2787 isto
872 2687 922 2761 fa·

63 2793 153 2884 ἃο,
184 2794 272 2868 iicet
296 2795 412 2925 primp
445 2790 568 2866 fronte
592 2790 834 2863 admiratione
859 2808 922 2884 po·

64 2896 135 2969 tius
163 2917 277 2992 quam
302 2890 375 2986 fide
395 2891 551 2988 ,dignum
576 2888 768 2972 videatur,
795 2882 922 2961 fallere

66 3015 139 3067 non
180 2987 366 3078 voluisse,
415 3014 483 3063 nec
525 2986 683 3057 hominis
727 2983 923 3060 veritatem

67 3093 222 3167 amantis
248 3088 382 3169 famam
402 3082 564 3186 periculo
581 3106 777 3182 exponere.
805 3078 924 3184 Qin·
1016 3154 1052 3174 ...

41 3204 105 3266 aa
120 3241 136 3284 ,
170 3189 195 3265 sr
222 3188 283 3264 cui
310 3185 494 3357 Hiiioricol
516 3182 770 3380 auctoritatem
796 3183 926 3358 ῑὲἒςιίἓ
