2136 3698
126 215 148 269 ·.
258 151 351 248 ¹&
379 102 538 265 legendo
566 153 749 272 Htflorin.
878 156 959 275 137¹
1024 286 1027 291 Ι

103 298 274 389 donum,
300 302 431 400 quibus
450 326 524 378 non
549 326 630 379 raro
645 303 838 404 scriptores
851 303 962 384 sado-

99 421 183 474 rum
214 397 341 474 scriem
370 400 566 476 involvunt
594 421 704 501 atque
729 406 959 504 impediunt,

83 520 183 671 ,Euo
204 498 328 573 minus
356 501 493 574 veritas
515 501 554 574 in
583 523 649 588 eo,
700 526 810 600 quem
838 526 959 595 amat,

127 595 254 695 mplici
269 595 400 672 vellito
415 618 644 695 compareat:
677 623 788 700 porro
806 603 970 680 bistotiae.

101 695 214 771 finem
240 693 332 784 esse,
369 716 412 771 ut
430 695 561 794 posteri
576 719 650 800 non
675 717 751 774 tntu
769 703 959 801 praecptis

101 816 250 902 morum
267 793 409 892 palam,
439 819 555 892 ,quam
576 794 761 886 Malorum
785 798 959 898 exemplis
991 854 1012 863 -

102 910 216 968 tacite
245 895 458 969 erudiantur
487 917 530 968 ac
558 892 825 984 informenrut3
861 897 961 973 secus

102 990 289 1068 historiam
306 992 528 1092 degenerare
545 993 583 1065 in
599 990 868 1091 Philosophiam
887 1016 961 1085 nto·

103 1090 244 1179 rdem,
280 1106 346 1166 aur
363 1092 474 1165 eriam
490 1091 527 1169 iu
554 1090 690 1165 Poestn.
762 1093 868 1167 Unde
883 1088 962 1175 lbi-
1055 1168 1061 1175 ,

96 1187 250 1281 stoteles
284 1187 347 1284 (l)
389 1190 461 1265 hoc
485 1187 675 1264 discrimen
713 1189 834 1264 statuit
864 1187 962 1271 inter
1047 1247 1053 1263 .

105 1286 596 1381 Histoi-icumuuoatam,
623 1291 721 1385 quod
756 1291 816 1362 hic
844 1289 961 1388 qualis

103 1386 276 1463 debuerit
288 1382 360 1461 effe
380 1385 607 1476 Alcibiades,
634 1385 694 1461 illc
709 1385 824 1483 qualis
845 1392 962 1465 omni·
1009 1394 1012 1400 ’

103 1493 158 1563 nd
181 1484 315 1575 luent,
357 1484 544 1561 describat.
596 1487 748 1560 uerum
776 1487 858 1562 sunt
877 1487 961 1579 alii,

104 1587 171 1685 qui
198 1584 380 1680 ejusmodi
409 1581 628 1677 comessuris
660 1603 770 1679 atque
792 1585 962 1679 judiciis,

103 1707 187 1783 quae
210 1684 481 1760 narrationibus
510 1679 578 1756 suis
606 1682 819 1759 interserere
848 1684 964 1761 solent
1029 1718 1046 1728 ··

105 1783 303 1871 Historici‚
341 1781 583 1880 patrocinium
608 1779 809 1880 indulgent.
867 1787 964 1858 Nam

106 1883 275 1981 inprimis
295 1879 329 1954 se
368 1880 582 1977 causamque
604 1879 700 1952 banc
724 1897 883 1957 ¹tuentur
906 1904 965 1970 au·

108 1979 281 2056 claritate
297 1977 459 2077 Polybii‚
483 1980 600 2067 Livii,
632 1976 772 2064 Taciti,
798 1974 967 2051 aliorum·

108 2103 184 2179 que
208 2077 362 2153 historiae
384 2078 603 2176 principum.
677 2076 775 2149 Tum
804 2098 894 2151 vcro
914 2077 967 2151 in-

108 2181 265 2278 quiunt,
292 2174 968 2274 stnehiscondimentisinspidamred·

109 2279 148 2352 di
171 2276 438 2362 narrationem,
476 2274 514 2348 dt
543 2271 588 2357 ab
610 2273 809 2348 Annalibus
832 2296 967 2371 parum

110 2373 172 2453 vel
187 2374 274 2449 nihil
291 2372 459 2461 differre,
494 2372 515 2443 st
539 2395 597 2446 res
617 2372 721 2470 gessar
738 2373 852 2446 veluti
868 2374 968 2446 nude
1019 2385 1021 2389 ‘

111 2492 327 2561 narrentur,
353 2475 467 2546 immo
483 2490 525 2543 ut
539 2467 588 2544 ait
603 2469 774 2566 Polybius
802 2472 883 2566 (g):
923 2466 969 2544 ab

111 2568 261 2665 ballaria
270 2570 313 2669 st
333 2573 413 2673 quir
440 2568 585 2662 austros
615 2594 740 2669 quare,
780 2567 965 2670 quomodo,

82 2696 181 2778 ‚quo
195 2671 293 2764 fine,
328 2669 369 2746 id
386 2667 564 2745 ludicrum
590 2671 705 2769 tnagis
732 2673 827 2752 crit,
864 2691 968 2767 quam

111 2770 286 2849 dosirina.
338 2764 970 2863 Hancenimquimescitessennem

115 2869 304 2956 historias.
326 2889 510 2969 nunquam
552 2884 677 2940 tamen
707 2864 974 2951 obtinendum.-

114 2969 176 3046 nifi
200 2965 355 3046 consilia--
377 2969 415 3042 dt
440 2962 563 3041 mulsae
592 2981 792 3052 eventuum
810 2959 972 3038 adseran·
