2136 3698
152 252 155 259 ,
231 220 234 227 -
306 169 446 257 oriae
476 162 743 286 Philosophia.
857 170 946 282 aas·

98 315 195 393 &ata
214 316 317 407 sunt,
343 318 575 416 imprimant:
602 334 776 414 praterea
793 311 944 393 scribens
1043 337 1046 343 ·

99 419 136 491 di
152 417 339 494 celeritate
355 415 581 490 charadieres
603 416 673 488 rite
693 414 872 498 formandi
893 418 947 493 vi·

98 518 190 592 tium
211 516 407 607 contrahi,
441 538 484 589 ac
505 514 595 613 sape
624 511 814 589 brevitatis
831 515 947 593 studio
1005 552 1008 559 ·

98 614 256 715 eleganti
281 636 450 691 veterum
471 613 620 688 didioni
634 615 809 686 'barbaras
831 634 945 691 vocer

100 713 261 787 substitui
278 740 290 786 r
316 715 395 813 ipsis
409 715 471 812 qui
486 714 704 813 praelegunt,
720 709 947 788 occasionem

100 813 224 899 demi,
248 835 318 910 qua
340 813 429 887 serio
451 814 618 885 materias
631 814 838 898 excutiant,
863 830 948 886 cona

100 911 212 984 tentis
239 934 281 984 ea
306 911 487 984 mandasse
514 913 676 997 charta,
709 932 789 1005 quae
816 932 947 1005 prope·

100 1008 264 1084 rantibus
302 1028 531 1084 occurrunt:
580 1010 731 1082 demum
771 1007 948 1107 temporie

101 1128 178 1182 non
191 1110 377 1180 modicum
391 1107 468 1182 fieri
487 1107 735 1202 dispendium,
761 1109 847 1179 dum
867 1126 948 1204 quar

101 1208 141 1280 in
159 1202 258 1280 libris
275 1206 385 1306 longe
399 1203 674 1305 perfeliioribus
692 1208 833 1302 pridem
850 1207 950 1279 edita
993 1219 997 1229 “

85 1303 280 1393 ruerunt,
308 1307 469 1382 novo&
492 1307 610 1378 minus
635 1305 713 1378 utili
740 1301 862 1378 labore
890 1305 952 1379 dc·

101 1399 289 1480 scribenda
314 1406 479 1479 veniunt.
533 1408 660 1498 Quare
682 1405 754 1497 jam
780 1403 951 1503 olipiari·

101 1525 152 1577 no
172 1523 278 1595 1355.
297 1503 334 1574 in
351 1504 549 1574 Academia
571 1503 745 1574 Parifienfi
768 1504 849 1599 lege
868 1524 951 1577 cau·

101 1620 183 1693 tum
210 1615 308 1682 etat,
340 1622 387 1670 ne
412 1596 590 1672 notiores
605 1645 617 1685 ,
653 1620 746 1693 quos
772 1602 953 1673 vocabant

54 1707 56 1713 ’
103 1695 361 1774 Nominntores
377 1693 618 1796 aripennum,
643 1697 853 1774 auditorum
880 1710 953 1771 tna·

103 1817 193 1871 num
212 1795 334 1892 potius
349 1816 584 1882 exercerent,
613 1818 721 1891 quam
747 1796 953 1872 continenti

105 1888 350 1989 explicatione
370 1908 532 1966 mentem
560 1893 777 1967 erudirentr
808 1898 906 1969 idem
931 1921 952 1970 a

104 1990 232 2065 nostris
259 1989 392 2069 saelum
410 1993 575 2067 Patribus
595 1995 631 2068 in
655 1991 841 2069 Lusitaniae
864 1999 954 2079 Aca·

105 2091 257 2178 domiin,
291 2092 352 2165 ubi
380 2091 615 2192 Philosophiae
640 2093 811 2165 naturalis
834 2112 953 2191 partes

107 2214 129 2266 e
162 2189 272 2289 prelis
299 2189 473 2279 emisere,
515 2212 594 2263 turn
620 2209 662 2262 ut
686 2189 954 2267 subtraheretur

108 2290 283 2383 scriptio,
330 2302 409 2361 tum
445 2308 489 2362 ut
520 2289 784 2386 relinqueretur
815 2291 954 2365 occastd

107 2385 296 2487 prolixiori
329 2387 366 2461 dr
399 2389 612 2471 accuratiori
636 2384 881 2484 explanationi
907 2385 957 2460 di-

109 2484 389 2584 sputationique.
439 2487 479 2558 ln
512 2489 605 2559 hane
635 2483 712 2559 fere
744 2486 957 2561 sententiam

110 2584 212 2660 dere
233 2583 394 2680 praesenti
416 2582 535 2669 scribit
553 2581 773 2660 Possevinua.
815 2587 958 2663 Contra

110 2679 352 2757 Pallavicinus
372 2700 480 2754 aetate
498 2678 692 2777 posterior,
721 2688 885 2758 acerrimi
900 2684 957 2759 vlr
989 2694 992 2699 “

112 2779 236 2874 iudicii
261 2784 424 2852 mentem
458 2778 554 2851 suam
582 2779 811 2877 sequentibus
837 2779 958 2857 decla·

112 2897 171 2954 rat
203 2878 311 2971 (q):
345 2876 574 2973 Experientia
593 2879 789 2968 docemur,
817 2882 958 2976 inquit,

112 2982 188 3053 hoc
213 2975 263 3048 ell
287 2975 501 3074 probatione
526 2978 712 3061 omnium,
744 2977 765 3050 fi
795 3004 867 3053 non
898 2960 988 3077 pos

114 3072 264 3160 tissima,
299 3093 399 3146 certe
430 3069 646 3163 clarissima„
674 3073 830 3153 iterandi
855 3078 958 3153 osum

912 3177 960 3265 ad

158 3289 211 3376 (q)
237 3276 305 3353 Lai.
329 3278 479 3373 Wndirat.
496 3284 606 3355 Socirt.
623 3311 648 3355 c.
664 3289 720 3358 ab.
792 3302 793 3306 ’
