2130 3706
326 129 392 220 'rei
414 126 641 215 Nmnoriae.
849 130 905 239 pi

53 277 177 355 lotum
200 276 337 375 Regis,
370 278 484 351 totius
508 273 623 349 veluti
649 275 736 349 vitae
760 246 911 353 historia·

54 373 292 459 contineturt
329 371 466 474 effigiei
492 375 649 473 primum
671 374 780 482 Regis
801 376 908 477 Juve-

54 478 133 560 nis,
180 494 260 549 tum
295 476 398 560 Viri,
445 474 593 550 demum
637 473 737 550 Senis
769 475 806 549 in
830 499 906 574 pat·
983 552 987 559 .

56 592 94 649 te
115 570 272 649 adversa*
284 570 458 673 fulgente
484 573 519 645 in
537 570 659 646 aversa
675 594 765 647 veto
784 576 907 649 omnia
960 610 965 625 1

10 734 12 741 .
53 671 151 757 illius
163 671 255 746 falla
272 671 354 746 belli
372 673 544 771 pacisque
560 688 750 768 tempore,
776 670 907 748 emble·

10 982 25 1177 l

29 1862 31 1869 '
60 1879 132 1957 que
151 1875 275 1931 tamen
301 1857 423 1930 aversa
449 1877 572 1954 parte,
599 1855 806 1954 spectandas
828 1878 914 1951 ptae·
1028 1870 1031 1874 ’

54 772 216 857 motibus
242 770 425 871 ingeniose
452 767 552 845 fimo}
573 793 615 844 ac
643 765 833 843 artificiose
861 770 938 859 ad,

48 869 246 945 uetustatis
270 870 444 943 invidiam
465 890 579 964 cupro
596 856 710 944 incisis
724 865 909 959 illustrata,
952 914 955 923 ·

55 966 251 1063 subiunllis
293 971 387 1042 intra
435 963 567 1041 nobilia
602 989 753 1066 paterga
794 966 910 1040 inferl-

47 1069 254 1169 ptionibus.
316 1066 454 1164 lnigne
483 1064 590 1162 Opus
619 1067 691 1140 hoc
712 1062 762 1138 est
786 1086 910 1163 partus

56 1168 141 1241 Viri
175 1164 298 1239 multis
337 1163 413 1239 aliis
446 1166 596 1238 eruditis
630 1163 765 1262 scriptis
801 1159 951 1252 clati„x

55 1263 207 1341 Claudii
229 1263 403 1338 Francisci
425 1263 636 1341 Menestrier
657 1267 691 1338 S.
708 1265 738 1362 J.
760 1266 831 1335 nati
851 1265 911 1336 Ρα-

55 1362 146 1443 tiliis
166 1383 220 1435 10.
230 1363 351 1437 Martii
368 1388 425 1437 an.
445 1369 548 1454 1631.
562 1364 598 1437 &
615 1370 754 1438 mortui
774 1364 912 1438 ibidem

56 1486 122 1551 tn,
138 1480 245 1555 1705.
257 1462 504 1553 21.Januarii‚
521 1463 574 1536 uti
589 1460 708 1541 scribit
722 1462 911 1558 P.J0bett.

10 1588 13 1623 ³
57 1560 285 1657 Praecipuam
307 1582 398 1635 veto
419 1563 498 1655 ¹hoc
516 1562 550 1633 in
579 1561 661 1633 loco
685 1564 911 1635 mentionem

57 1677 251 1737 merentur
269 1661 485 1735 numismata
503 1656 745 1734 Pontificum:
777 1663 912 1734 horum
947 1669 954 1682 “
1027 1700 1029 1704 ·

15 1772 35 1859 '31²
59 1754 198 1859 effigies
214 1780 235 1832 e
254 1760 372 1831 numis
388 1760 425 1832 oc
441 1756 587 1859 pibluris
602 1778 810 1855 excerptas,
836 1761 913 1832 abs·

61 1957 150 2037 buit·
165 1955 383 2030 Dominicus
400 1953 627 2051 ¹Tempesto‚
655 1954 758 2026 Civis
784 1954 914 2027 Rome·
992 1992 994 1997 ·

62 2079 157 2141 nus,
184 2053 358 2127 continua
379 2051 465 2127 serie
485 2051 663 2127 aChtisto
683 2053 720 2127 ὅ(
740 2054 783 2127 D.
804 2051 913 2128 Petro

43 2176 183 2253 ,utque
204 2151 249 2224 ad
263 2150 501 2226 >Clementem
516 2151 614 2227 Vlll.
634 2155 669 2225 in
685 2149 777 2239 libro
798 2154 843 2224 de
864 2152 914 2227 vi·

35 2255 109 2332 ,tis
146 2247 380 2336 Pontificum.
429 2250 543 2324 Auxit
575 2247 779 2324 thesaurum
817 2252 916 2328 hune

10 2362 13 2377 '
65 2352 284 2427 Ciacconius
314 2343 438 2422 multis
474 2351 776 2424 numismatibus:
804 2351 915 2452 longe

65 2449 229 2549 pluribus
244 2445 486 2546 locupletavit
499 2448 716 2549 Augustinus
728 2448 914 2527 oldoinus

65 2551 98 2629 s.
116 2549 150 2649 J.
200 2547 322 2622 Nemo
352 2567 473 2621 tamen
499 2550 544 2623 eti
572 2550 626 2624 his
650 2547 915 2643 propolitotum

64 2667 264 2725 numotutn
289 2643 463 2721 latentem
486 2649 628 2742 aperuit
655 2644 789 2718 sensum
803 2694 816 2735 ,
852 2664 918 2723 aut

64 2744 319 2844 inscriptiones
352 2745 388 2820 ἃ
424 2740 598 2844 imagines
629 2742 806 2840 adpositas
835 2742 919 2818 satis
992 2805 995 2811 .

64 2843 255 2943 explicuit.
305 2840 445 2917 Primus
472 2841 709 2916 tantae'molis
743 2864 836 2938 opos
860 2865 937 2943 aga-

63 2940 202 3047 gtellus
228 2939 279 3015 est
304 2939 488 3040 Philippus
509 2941 690 3013 Bonanius
714 2941 748 3014 S.
770 2941 801 3031 J.
828 2940 920 3014 Sunt

65 3063 193 3122 eutem
224 3036 517 3136 duplicis'claffis
545 3039 646 3111 numi
677 3036 919 3118 Pontificumt·

59 3140 218 3249 ¹quidem
243 3137 326 3218 sunt
352 3134 440 3259 suli,
474 3137 621 3242 quidam
655 3133 754 3214 culix
790 3138 921 3239 priorip

550 3441 558 3453 ἱ
