2136 3698
13 219 16 229 ’
124 203 223 307 λ148
256 191 348 311 Cap.
373 190 402 277 1
404 193 451 281 V
508 184 970 307 Infhrmdrscrihenda,

1 303 36 372 s
126 340 334 437 admodum
362 339 606 441 Geugraphiae
629 335 752 438 tyroni
766 337 836 429 ,u
862 356 985 417 totum

132 455 310 512 terrarum
325 440 452 512 orbem
470 442 505 512 in
521 437 739 514 celebriores
754 437 984 520 solummodo

129 556 254 708 Partes
273 534 499 611 distributum
521 536 635 611 oculis
652 539 690 610 in
710 536 840 636 exigua
857 537 983 612 charta

144 634 314 727 objiciat,
333 654 530 734 antequam
546 634 753 739 insigniores
775 635 983 733 provincias

131 733 169 808 ὅ(
190 728 353 807 latiffima
377 757 487 832 regna
501 733 746 834 -amplioribus
769 734 805 807 in
828 732 980 811 Tabulis

128 831 310 931 designata
338 850 539 930 percurrat.
590 832 671 906 Hac
704 832 802 905 eninr
835 832 980 906 ratione

127 927 212 1015 fiet,
235 949 279 1036 ut
306 953 385 1028 quae
408 930 486 1028 post
505 930 626 1005 sedulo
645 927 810 1006 caudium
829 931 901 1006 hoc
923 946 979 1028 ty·

124 1031 308 1104 rocimum
332 1026 507 1124 legerint,
533 1047 635 1101 utut
655 1027 831 1104 multa&
854 1028 976 1117 varia,

123 1148 170 1201 ea
184 1120 314 1199 omnia'
323 1123 499 1197 continuo
525 1123 630 1197 suum·
648 1125 694 1197 ad
715 1124 836 1198 iocum
843 1170 859 1213 ‚
882 1126 978 1213 tercii

122 1245 192 1321 pus
203 1248 224 1310 ν,
267 1220 305 1295 ἃ
340 1220 466 1294 seriem
500 1218 573 1315 levi
600 1223 762 1298 „brachio
798 1226 978 1299 reuocare

122 1337 280 1420 queant,
311 1342 383 1416 qua
409 1342 450 1392 re
476 1316 566 1394 nihil
593 1317 652 1393 seu
680 1320 726 1395 ad
756 1324 975 1417 memoriam

111 1416 401 1518 ··perficiendam‚
438 1416 495 1490 seu
528 1420 572 1491 ad
598 1414 755 1493 studium
783 1419 855 1494 rite
878 1418 975 1495 ordi·

120 1516 281 1589 nandum
300 1514 417 1613 tnagis
442 1515 628 1589 conducit.
677 1520 776 1592 Turn
795 1516 891 1610 judio
910 1538 972 1591 ve·

117 1612 187 1689 luti
206 1612 445 1690 fundamento
463 1613 616 1688 ulterius
633 1617 801 1715 progredi
822 1614 860 1688 &
881 1614 972 1689 iice-

35 1742 38 1747 ’
112 1712 193 1804 bit,
220 1714 259 1791 dc
278 1713 534 1812 oportebit'ad
558 1709 738 1788 deludium
763 1712 971 1789 interscri-

114 1832 240 1913 ptores
265 1810 501 1901 faciendum,
528 1812 587 1885 cui
613 1813 792 1908 primum,
818 1812 879 1886 cui
902 1836 971 1913 pn·

107 1909 188 1988 'stea
210 1910 366 2011 legendo
390 1911 476 1984 dare
493 1904 802 2009 operam‘velint,
827 1930 870 1983 ut
893 1911 967 2010 ple·

113 2014 256 2085 niorem
295 2010 461 2084 hauriant
493 2009 661 2082 notitiam
697 2013 808 2082 etiam
842 2033 965 2087 rerum

111 2107 342 2208 fingularium
360 2110 405 2182 ad
426 2106 628 2206 universam
653 2106 835 2182 historiam
858 2109 965 2207 perti·

107 2215 301 2291 nentium,
328 2203 631 2302 quidelediusreo
652 2206 791 2301 maiore
808 2229 895 2281 cura
910 2203 962 2280 est

108 2303 371 2387 instituendus,
398 2325 472 2397 quo
496 2305 611 2401 tnagis
632 2303 789 2379 discendi
810 2304 962 2401 'tempus

9 2456 16 2464 .
104 2400 225 2475 ¹breve¹
246 2398 296 2474 est
314 2424 357 2487 ac
377 2397 503 2498 fugax,
531 2425 578 2474 ne
607 2403 645 2476 in
671 2401 960 2500 supervacaneis,
1003 2484 1010 2497 ⁸

108 2505 146 2576 de
172 2522 255 2572 non>
272 2521 355 2572 raro
385 2500 501 2570 noxiis
534 2523 682 2600 quoqne
712 2498 960 2575 consumatur.

106 2596 269 2674 Demum
303 2619 378 2670 non
400 2598 564 2670 contenti
598 2598 610 2671 1
655 2596 720 2670 iiie
752 2593 887 2684 muita,
920 2599 961 2674 de

103 2699 293 2772 memoriae
306 2694 509 2782 mundane,
529 2694 623 2770 affu'e
662 2696 760 2765 ciant
786 2691 819 2767 se
845 2695 958 2781 etiam

103 2795 298 2872 formando
315 2793 406 2887 justo
425 2793 530 2889 super
544 2816 588 2866 ea
602 2789 759 2884 judicio,
786 2792 824 2867 ἀ
842 2792 956 2891 perci·

103 2897 238 2990 piendo
263 2893 393 2968 exinde
410 2916 525 2991 quam
548 2886 626 2963 fieri
650 2888 767 2985 potest
791 2895 954 2966 maximo

102 2990 177 3069 slve
195 2994 240 3073 ad
266 2993 449 3092 ingenium
464 2988 692 3077 acuendum,
725 2988 796 3069 sive
813 2988 858 3061 ad
876 3010 954 3062 mo·

99 3112 159 3183 rea
176 3090 396 3175 excolendos¹
414 3086 676 3164 emolumento.
715 3087 761 3161 Et
777 3089 952 3187 quoniam

99 3186 173 3263 stne
195 3185 412 3264 audiuntate
431 3181 521 3259 nihii
542 3185 612 3260 hac
629 3186 667 3264 in
687 3209 727 3264 re
743 3186 866 3263 dicere
890 3187 953 3260 de·

463 3324 467 3333 ·
873 3307 951 3362 cre·
