2136 3698
262 191 417 281 Rerum
437 225 456 281 e
473 195 805 289 Numz'onatibus.
872 172 957 314 135

100 342 668 440 erunt·„1tonsularispotestatis:
701 348 739 422 ln
765 370 879 425 numo
905 353 962 452 Q

101 439 338 521 CAEDlCll.
363 444 429 517 EX
454 446 489 518 S.
515 445 561 520 C.
588 445 663 519 duo
684 445 859 522 Consules
882 472 958 523 ma·

101 560 183 615 nus‘
199 530 359 615 invicem
385 545 634 644 porrigentes,
670 565 767 642 pone
794 547 957 624 adstante

98 638 217 715 securi
235 638 409 714 visuntur.
455 663 491 714 2.
518 643 630 717 CEN.
648 641 711 717 vel
736 643 870 718 CENS.
892 662 958 722 aut

100 738 241 815 CENS.
268 738 336 813 Pl‘.
364 738 434 813 slve
453 737 601 832 Censor,
629 741 667 817 &
690 738 821 836 Censor
835 740 957 843 Perpe-

101 846 198 914 tuus.
250 837 410 912 Primum
434 840 508 912 duo
534 839 646 913 creati
673 835 754 915 sont
778 839 958 916 Censores

101 958 201 1012 anno
226 937 275 1010 V.
294 937 340 1011 C.
368 957 450 1029 311.
484 937 521 1010 hi
547 936 783 1021 recensebant
807 961 882 1012 non
907 938 958 1015 so·

100 1033 179 1117 lum
206 1031 326 1133 capita
343 1036 486 1110 civium
511 1037 549 1111 br
575 1035 785 1124 facultates,
811 1035 870 1112 sed
886 1060 960 1112 ma·

96 1135 202 1212 xime
227 1136 337 1207 etiam
362 1157 505 1222 mores,
533 1133 687 1232 illosque
712 1135 895 1235 fi-pravos
921 1137 960 1211 in

101 1231 283 1332 aliquibus
316 1233 665 1329 deprehenderunt„
698 1234 801 1309 Nota
837 1232 874 1309 id
908 1232 969 1309 est¹

99 1330 301 1431 ignominia
326 1330 495 1407 affecere.
546 1334 604 1407 De
620 1334 751 1408 horum
778 1331 958 1432 potestate
1018 1370 1022 1377 ·

100 1430 154 1510 ita
179 1428 343 1527 loquitur
367 1431 583 1505 Plutarchus
609 1433 689 1526 (r):
720 1431 874 1527 Censura
887 1428 959 1505 msa-

101 1524 391 1616 arimanniam
420 1530 700 1639 Magistratuum
725 1533 956 1620 reverentia,

92 1626 267 1731 plurima
294 1629 485 1726 potestatis
519 1643 596 1703 tum
628 1632 668 1703 in
705 1628 792 1703 aliis
835 1625 956 1718 rebus,

102 1741 182 1807 turn
214 1729 371 1802 maxime
411 1725 460 1803 nd
494 1752 632 1802 morum
671 1726 957 1803 emendationem.

100 1826 200 1905 Nam
231 1826 427 1899 Senatores
462 1850 483 1898 a
514 1830 649 1922 Senatu
672 1850 866 1903 removere
892 1849 959 1922 po·

56 1942 63 1955 ‘
101 1942 206 2007 terat.
224 1922 395 2010 Censor,
427 1925 609 2020 equitibus
634 1946 749 2020 equos
776 1919 957 2008 adimere,

101 2047 149 2105 ex
174 2020 325 2127 plebeiis,
356 2024 499 2098 aerarios
531 2019 681 2110 facere,
719 2041 848 2097 notare
872 2017 960 2095 ins-

77 2125 201 2212 mia,
240 2118 387 2195 censum
420 2144 559 2218 agere,
598 2117 747 2194 lustrum
786 2122 976 2205 condere„

91 2221 281 2322 Quinque
313 2241 493 2292 annorum
525 2217 638 2316 spatio
673 2216 731 2292 seu
759 2216 869 2292 lollro
901 2241 960 2294 eo·

101 2342 189 2398 rum
223 2314 379 2418 poteslas
414 2316 723 2404 concludebatur:
767 2317 877 2419 aliqui
910 2337 961 2392 ta·

100 2441 191 2497 men
215 2416 383 2515 perpetui
408 2414 556 2490 suerunt
579 2421 790 2514 nuncupati.
840 2418 881 2491 ln
898 2440 961 2490 nu·

103 2513 174 2594 rnis
197 2537 278 2592 cum
300 2512 444 2591 adduae
466 2529 551 2588 ante
573 2511 741 2589 tribunal
768 2538 851 2617 equo
877 2539 961 2589 con·

60 2653 63 2660 ·
103 2614 332 2713 fulciuntur,
373 2636 444 2712 qua
469 2636 508 2687 re
540 2612 650 2703 credo
677 2613 872 2712 fignificare
897 2637 962 2688 vo·

103 2713 251 2799 lebant,
279 2709 448 2799 Censoris
472 2709 555 2799 else,
583 2710 788 2784 libertatem
813 2733 961 2786 morum

104 2813 144 2895 in
170 2810 346 2912 iuditium
370 2832 519 2884 vocare.
567 2830 600 2903 3.
625 2810 697 2883 PR.
722 2808 793 2881 five
805 2807 962 2882 Praetor.

93 2904 250 2991 'Primus
277 2906 433 2995 Praeror,
458 2907 639 2981 utLivius
666 2906 784 2981 scrlbit
810 2909 890 3000 (s),
917 2928 963 2980 ex

106 3009 295 3097 Patribus,
322 3007 384 3110 qui
408 3005 466 3101 jos
491 3007 529 3080 in
553 3006 652 3079 Urbe
677 3007 839 3097 diceret,
865 3027 962 3081 crea-

900 3122 961 3180 tus
