2136 3698
170 134 266 253 Cap.
309 136 356 227 V.
415 138 604 241 Studium
614 145 756 263 Sacrae
768 146 866 263 Hifl.
888 176 989 263 ·15'9

127 287 165 365 dr
188 307 305 386 npetu
328 286 413 363 saue
437 288 631 388 stupenda,
654 316 734 392 quae
750 295 851 373 mille
865 300 990 376 mudlie

127 388 164 463 dr
188 388 355 464 maximo
379 410 465 463 cum
484 390 674 489 splendore
695 393 730 468 se
756 400 920 494 produnt
945 404 987 471 in

126 486 196 562 bac
214 487 483 563 mundanarum
500 512 623 563 rerum
645 491 887 569 universitate.
926 494 987 571 Fli

126 583 225 661 enim
259 586 417 661 mundus
445 585 538 660 liber
568 588 757 685 ingeris&
788 590 987 689 antiquiffi.

125 708 232 776 mus,
259 684 299 759 in
342 706 392 761 uo
410 683 588 760 mirabilia
600 687 727 773 ¹omnia
752 689 845 786 quafi
866 694 985 793 digito

117 782 309 956 descripsit
367 806 452 873 eus,
487 784 524 859 dt
558 806 580 857 e
619 807 695 881 quo
736 784 868 883 fingula
900 812 985 887 quae

119 905 237 983 temp
253 879 408 971 editur,
435 882 538 955 velut
557 879 724 956 exscribit
739 884 848 958 Sacra
865 886 986 963 Hillo·

126 982 196 1071 τίεις
223 1004 319 1061 neve
341 1004 506 1078 unquam
524 982 714 1055 bominum
738 982 869 1056 animis
889 986 987 1059 exci-

126 1082 235 1166 dant,
262 1077 373 1153 literis
393 1084 431 1155 dt
446 1079 569 1179 figuris
591 1078 750 1178 expressa
769 1080 815 1153 ad
832 1104 987 1156 omnem

124 1178 375 1279 posteritatem
394 1178 618 1252 transmittit.
670 1178 985 1277 Qridsublimius,

115 1302 236 1376 quam
268 1274 466 1375 velipsum
491 1278 605 1351 Sacrae
630 1276 795 1352 Historiae
830 1274 989 1355 Vetetii

125 1376 349 1453 Testamenti
369 1376 585 1464 exordium,
610 1375 647 1449 iu
693 1399 741 1450 uo
761 1378 876 1452 tribus
901 1400 984 1453 vter·

125 1478 208 1551 bie:
233 1472 281 1547 In
297 1470 486 1573 Principio
511 1476 657 1549 creavit
712 1498 773 1549 eus
791 1473 911 1551 culum
933 1474 985 1555 l&

123 1590 269 1651 terram
292 1597 407 1647 unum
426 1570 495 1647 else
511 1574 658 1657 Deum,
683 1577 781 1649 hunc
801 1596 886 1649 ante
902 1596 984 1650 otu·

121 1666 323 1759 maluisse,
349 1690 459 1771 atque
475 1671 525 1744 ita
541 1689 743 1762 aeteruum3
768 1672 874 1772 ipius
885 1660 985 1845 ofu's

123 1770 197 1849 else
223 1771 402 1851 mundum
423 1793 444 1844 e
466 1769 577 1843 nihilo
598 1767 796 1847 formatum
821 1770 906 1846 lucu
923 1792 987 1849 tsn-

117 1891 182 1951 rer
200 1870 406 1947 doeemur?
459 1870 559 1966 Quid
580 1870 847 1954 admirabilius,
870 1894 986 1961 quarm

117 1968 240 2057 imile
266 1966 492 2043 Prooemium
512 1968 676 2061 ejusdem
698 1967 863 2041 Historiae
882 1968 988 2041 Novi

115 2066 373 2156 .Tellamenti‚
399 2067 497 2166 quod
517 2065 732 2163 D.J0annes
757 2064 987 2161 conscripsit:

125 2166 172 2243 In
200 2168 390 2267 principio
415 2179 497 2238 erat
526 2159 707 2252 Verbum,
752 2162 799 2241 Es
827 2158 989 2243 Verbum

111 2282 211 2441 llll
251 2263 347 2365 ”W
377 2261 629 2439 Dd'iis
647 2256 987 2457 lll‘lelmli'·
1042 2308 1046 2317 ’

117 2424 123 2433 ·
213 2414 370 2437 ·····
922 2437 927 2453 .
971 2412 986 2453 a

125 2464 191 2537 ubl
214 2463 339 2561 prucis
366 2480 499 2537 aeterna
521 2458 649 2534 Christi
667 2460 864 2535 secundum
891 2462 988 2535 dlvi·

118 2568 308 2649 nitatem,
335 2560 372 2635 dr
399 2558 609 2656 temporalis
636 2558 832 2637 secundum
856 2558 986 2632 huma·

126 2659 284 2745 nitatem
305 2660 533 2757 generatio,
571 2682 613 2731 ac
644 2661 772 2733 eadem
806 2655 882 2731 Filii
913 2658 988 2741 Da·

121 2782 216 2833 eum
240 2758 348 2831 Patre
380 2755 527 2831 essentia
560 2752 760 2854 magnificis
796 2757 879 2829 sane
905 2777 985 2830 ver·

128 2857 184 2933 bia
237 2856 461 2953 exprimitur.
538 2852 724 2929 Praemillis
774 2855 986 2946 hujusmodi

82 3004 92 3053 3
125 2955 292 3031 exordiis
315 2954 362 3026 ad
386 2953 513 3026 mundi
540 2952 712 3025 fabricam
738 2952 984 3050 progrediturP

130 3054 169 3130 dr
197 3053 312 3129 diviso
339 3053 377 3125 in
409 3051 467 3127 sex
492 3053 570 3124 dies
595 3050 721 3125 labore
751 3051 887 3149 grande
912 3053 985 3127 boc

122 3152 275 3229 ,Dixine
298 3151 478 3228 Potentia
502 3148 597 3251 opus
622 3149 781 3225 dilucide
807 3146 983 3249 explicat,
1043 3244 1046 3249 Ι

888 3272 988 3327 uem·
