2136 3698
137 160 196 275 96
325 155 417 272 Cap.
445 151 521 264 ΙΙΙ.
583 110 811 259 oeconomio
926 90 1050 271 »n

137 358 170 400 „,
191 303 279 380 laesae
294 304 495 398 Maiestatis
512 305 648 382 diriore
662 306 830 382 humant
856 328 911 398 ue,
923 307 1000 384 vin·

138 457 166 499 „
193 405 386 479 dicemhic
403 402 513 495 volo,
540 407 578 481 δι
596 407 744 503 quando
758 407 804 481 ad
865 405 999 481 sterce·

138 556 167 597 ,‚
194 505 269 578 lam
297 503 526 597 festinatione
556 528 650 604 opus
678 503 749 594 est,
800 503 888 580 illuc
911 528 997 578 cum

85 680 87 684 ,
136 654 167 697 ,,
194 603 349 699 imperio
368 602 572 691 contende,
606 602 894 703 Tholosrumque
910 600 998 678 curn

140 751 167 792 „
195 698 434 774 tumultuario
471 703 635 775 exercitu
681 704 833 800 impune
865 702 1000 800 prada·

138 849 168 893 ,‚
196 801 381 889 bundum,
417 799 455 873 dr
481 817 624 874 tantum
652 799 857 899 hospitibus·
870 801 999 874 timen-

48 917 51 922 ·
139 947 168 992 „
196 901 305 986 dum,
350 918 511 972 armatus
542 901 769 999 aggredere,
816 919 886 972 nec
913 895 996 972 ullis

140 1047 169 1089 ‚,
196 992 465 1071 conditionibus
479 994 573 1070 flecti
589 1019 627 1071 te
641 1017 766 1096 patere
779 995 1000 1071 adclemen·

84 1122 89 1131 =
140 1145 167 1186 „
195 1098 304 1181 tiam,
337 1094 395 1166 sed
419 1094 586 1168 homines
613 1094 797 1183 sceieiios,
833 1095 1000 1193 indepre-

87 1251 91 1263 .
139 1241 166 1282 ‚‚
194 1191 309 1265 cabiie
330 1188 541 1290 supplicium
573 1193 812 1269 commeritos
837 1192 939 1281 fetro.
958 1193 998 1268 dt

124 1294 168 1383 ¹„
193 1289 266 1387 igni
307 1288 578 1388 quamprimum
621 1291 718 1367 dele.
745 1343 772 1385 ‚,
823 1290 877 1365 lta
910 1314 997 1365 eum

138 1385 324 1476 allocuta,
370 1389 474 1480 jubet
519 1415 540 1467 e
584 1387 804 1487 Bruxeuenfi,
836 1387 996 1489 prasidio

139 1507 327 1560 trecentos
366 1487 597 1586 sclopetarios
647 1490 831 1590 seligeret·
869 1486 998 1572 adhaec

138 1582 343 1662 flandricus
372 1589 565 1675 cohortes,
599 1588 637 1663 dr
661 1576 784 1684 gravis
803 1602 996 1658 armaturae

66 1713 71 1721 ·
140 1702 279 1759 tunnas
297 1686 367 1758 dte.
420 1687 640 1784 Conspicere
665 1687 749 1757 heic
775 1680 862 1755 iicet
877 1679 995 1758 foemi·

122 1808 224 1857 xnam
246 1778 361 1871 virili,
397 1807 440 1858 ut
458 1807 557 1872 erat,
585 1781 716 1855 'animo
738 1799 994 1878 perorantem,

139 1882 178 1957 dt
214 1874 288 1979 quo
323 1885 457 1956 certius
487 1881 610 1953 Duces
651 1876 733 1952 suos
767 1876 993 1978 impelleret,

137 1980 231 2065 Dei,
265 1976 328 2054 reli
356 1982 468 2071 ionis,
502 2001 547 2049 ac
563 1975 687 2074 patriae
706 1977 847 2051 caustum
865 1981 901 2051 in
921 2001 997 2052 rne-

139 2080 241 2151 dium
275 2005 437 2162 adferre,
473 2097 516 2146 ac
539 2077 690 2149 demum
723 2075 995 2175 implacabilem

138 2176 332 2252 adversum
378 2168 560 2248 seditiosos
607 2176 769 2250 animum
812 2174 993 2274 inspirare.

137 2273 305 2351 Tertium
334 2271 542 2366 exemplum
571 2271 612 2347 srt
662 2276 856 2371 (quoniam
895 2272 994 2371 apud

138 2372 338 2451 Historicos
360 2364 450 2441 nihil
474 2366 725 2464 frequentius,
759 2397 869 2472 quarn
892 2372 995 2445 indu·

138 2494 224 2549 cere
243 2465 471 2543 exercituum
494 2469 737 2568 Imperatores
763 2486 849 2545 ante
873 2469 994 2564 prelia

137 2558 355 2653 admiiitum
374 2566 590 2642 concionem
617 2570 802 2663 dicentes)
840 2589 887 2639 ex
912 2566 993 2643 Ma-

136 2668 243 2745 riana
270 2658 330 2759 (e)
365 2667 544 2758 petitum,
599 2669 661 2741 ubi
678 2661 813 2741 Alfonii
837 2659 993 2746 Costiiiae

136 2762 247 2861 Regis
262 2781 450 2837 cruentam
470 2788 555 2838 cnm
577 2765 790 2838 Maurorum
811 2763 914 2865 Rege
932 2755 992 2839 Ai-

135 2860 328 2936 bobaceno
356 2883 515 2962 pugnam
542 2859 589 2937 ad
621 2852 792 2935 Tariffam
820 2864 991 2939 commir-

135 2960 206 3043 iam
225 2961 410 3050 describit,
448 2968 484 3033 in
500 2986 572 3058 que
597 2961 756 3033 ducenta
773 2960 990 3057 Maurorum

134 3056 303 3135 millinio
323 3052 445 3157 praelio
467 3052 627 3157 fugaque
642 3056 868 3137 ceciderunt.
906 3058 988 3231 {dex

20 3174 22 3179 '
318 3208 321 3215 -
931 3178 984 3233 ar·

181 3271 232 3363 (ε)
257 3254 391 3336 nme.
407 3250 443 3329 a
457 3212 657 3358 rernm.
