2136 3698
344 163 401 246 rei
430 160 657 253 Nrrrrrariae.
865 194 924 282 79

64 304 219 385 metunt·
254 325 448 408 tempore,
491 334 569 409 quo
600 313 780 391 Consules
817 318 925 393 Rem·
987 354 990 359 ·

50 407 263 509 l-publr'cam„
298 410 503 484 Romanam
561 413 827 505 obtinuerunt,
885 418 924 492 ln
1036 432 1039 437 ’

53 530 222 607 quotum
247 527 351 605 parte
376 508 523 584 adversa
542 528 583 584 ut
610 510 806 609 plurimum
834 520 922 593 eml-

60 624 131 693 net,
159 626 271 705 caput
304 607 508 706 galeatum,
543 611 644 781 pund
679 613 815 687 Urbem
850 617 922 690 Ro·

53 702 162 803 anam
206 705 457 804 repraesentat,
488 728 547 782 've
596 707 824 785 limulacrum
860 736 921 789 cu·

52 805 206 905 jusdam
235 803 428 880 Numinis:
466 808 578 883 Sexto
617 808 725 882 Urbis
765 812 923 889 condita

25 922 29 929 ’
58 902 183 981 seculo
217 903 401 998 Malorum
439 928 593 1002 quoque
621 907 798 1006 imagines
820 911 924 985 inci

54 1004 268 1111 -debantun
312 1003 600 1104 Qraptopterfi
633 1005 672 1078 in
698 1008 923 1082 numismati·

54 1104 131 1177 bus
162 1096 315 1200 -effigres
364 1100 537 1194 Romuli,
583 1105 718 1181 Numa
759 1104 925 1195 Metelli,

59 1199 289 1301 Reguli-dcc.
314 1194 533 1290 occurrant,
568 1226 644 1279 non
670 1203 722 1280 ita
746 1205 959 1302 accipien2
1047 1286 1049 1291 f

54 1297 251 1389 dum'est,
289 1324 333 1375 ac
357 1300 382 1373 st
406 1302 617 1377 viventibus
643 1301 747 1402 ipiis,
782 1303 842 1380 sed
868 1304 924 1378 sar·

56 1422 112 1503 ¹pe
136 1396 260 1500 ,longo
295 1398 374 1499 post
407 1422 472 1473 eos
505 1416 676 1500 tempore
704 1405 741 1477 in
776 1402 925 1480 illorum

59 1502 282 1591 memoriam
303 1496 391 1574 cusa
417 1497 568 1575 fuerint.
622 1497 802 1604 Qnrtam
840 1502 927 1577 clas·

55 1596 139 1679 dem
178 1597 404 1672 constituunt
455 1598 676 1674 numismata
726 1602 926 1699 Imperato-

62 1709 183 1786 rum,
209 1719 255 1772 eo
276 1697 391 1795 magis
423 1695 648 1788 aestimanda,
682 1721 756 1797 quo
781 1723 927 1775 accura-

64 1798 139 1873 tius
175 1804 268 1870 non'
294 1795 408 1872 solum
446 1797 659 1873 continuam
699 1820 827 1872 eorum
866 1799 928 1872 libi
1039 1846 1049 1874 a·

62 1895 340 1973 succedentium
374 1892 524 1983 seriem,
565 1891 626 1971 sed
665 1896 777 1967 etiam
813 1893 929 1967 bello·

64 2018 172 2085 rum,
215 1995 315 2094 pacis
360 1990 567 2081 foederum,
618 1992 764 2092 Imperii
800 1990 931 2066 finium

13 2098 372 2196 propagatorum,
423 2116 466 2167 ac
517 2114 642 2166 rerum
686 2089 928 2180 mirabilium,

61 2216 149 2295 qua
174 2193 237 2267 sub
269 2192 416 2268 illorum
451 2194 629 2291 regim-ine
669 2193 929 2289 contigerunt,

42 2288 253 2395 ‚copiosam
298 2290 467 2367 notitiam
523 2291 628 2366 nobis
684 2288 929 2392 suppeditent.

10 2390 20 2409 '
68 2394 112 2467 ln
139 2388 283 2494 Qinta
316 2389 543 2467 collocantur
574 2390 816 2465 Ethnicorum
850 2390 932 2489 pro·

67 2489 155 2568 fana
179 2492 363 2579 Numina,
391 2490 556 2567 Deorum
589 2493 825 2587 Deorumque
858 2509 932 2563 tur·

71 2593 144 2687 ba,
169 2592 208 2665 in
234 2608 388 2689 quotum
407 2590 689 2665 numismatibus
716 2611 846 2664 eorum
865 2612 932 2673 no-
1044 2658 1049 2670 ,

68 2691 192 2778 mina,
227 2686 369 2777 officia,
404 2684 585 2789 symbola,
625 2684 788 2787 templa,
831 2710 935 2775 atas,

35 2790 112 2866 ‘dt
137 2781 327 2889 regiones,
361 2790 423 2862 ubi
458 2787 695 2873 colebantur,
740 2783 937 2883 agnoscere

71 2887 176 2970 licet.
229 2888 296 2964 His
322 2890 482 2986 quinque
509 2880 673 2960 clastibus
698 2884 840 2958 addunt
867 2881 939 2963 ,alii

75 2984 256 3074 Sextum,
307 2988 345 3060 in
386 3011 458 3083 qua
494 2985 715 3058 numismata
757 2982 938 3071 Virorum

12 3122 16 3127 ·
72 3084 268 3161 Illustrium
309 3085 346 3158 δι
379 3086 575 3169 Heroum,
619 3104 663 3155 ac
689 3081 940 3178 Conditorum

74 3184 225 3273 urbium
245 3183 306 3263 vel
329 3180 715 3284 Rerumpublicarum,
741 3199 785 3259 ut
799 3159 940 3361 Herp'u-

34 3324 39 3329 ’
190 3334 195 3343 “
892 3304 948 3376 li,
1027 3342 1035 3379 t
