2136 3698
383 156 444 243 rei
462 154 690 269 Namariae.
902 186 959 277 23

107 301 212 381 venis
242 320 385 379 merces
419 302 604 396 solvatur,
646 325 805 403 quorum
867 308 960 389 retia

106 422 261 518 numum
300 398 479 502 possidere
518 405 766 487 concedimus.
831 328 959 509 fitque

104 498 516 601 heosansplmasuno
804 510 808 519 '

149 600 237 699 Jam
255 622 345 678 vcro
354 648 369 689 ,
393 601 473 701 quis
490 598 587 701 apud
602 601 720 676 variar
737 618 865 701 gentes
886 606 957 705 pri·

102 719 207 777 mum
223 719 271 773 ars
279 748 296 790 ,
320 720 535 799 argentum,
559 698 620 775 vel
636 721 766 775 aurum
782 704 956 796 percusse·

102 797 175 887 rit,
200 793 493 970 sppaveritque,
511 796 578 879 ‘rea
594 796 645 872 est
661 798 859 874 admodum
872 826 956 879 con·

101 911 230 997 ¹trovet
244 920 279 976 a.
369 899 405 971 ui
419 892 698 982 aremorissimss
716 900 957 995 temporibus,

102 992 293 1100 ipsumque
315 997 351 1069 di
367 998 494 1076 urium
518 994 827 1097 procedentibus,
851 999 957 1101 origi·

101 1115 189 1171 uem
203 1095 307 1201 nurui
323 1114 470 1194 petunt,
495 1119 580 1172 cum
592 1093 749 1195 Josepho
762 1094 866 1187 ajunt
880 1095 956 1265 (pp,
1043 1116 1049 1122 ·

97 1190 264 1275 ‘cainum
281 1192 449 1293 ingentes
467 1218 580 1296 opum
597 1196 634 1269 ἂ
652 1194 891 1294 pecuniarum
923 1220 959 1268 a·

65 1312 68 1316 ·
100 1289 260 1373 multatos
275 1315 340 1391 per
356 1295 435 1373 vim
455 1293 672 1393 &rapinam
694 1291 955 1382 accumulasse,

101 1410 147 1469 ac.
171 1392 325 1485 taudem
353 1390 530 1472 edificata
560 1393 708 1469 civitate
744 1392 956 1479 Henochia,

129 1512 222 1565 uam·
244 1490 452 1571 domesticis
483 1491 554 1569 suis
582 1490 816 1570 habitandam
847 1490 955 1569 tradi·

100 1512 183 1679 git,
207 1590 371 1688 pondera
397 1590 435 1664 ἃ
465 1586 650 1668 mensuras
680 1588 727 1664 ad
748 1589 955 1663 exercenda

100 1690 324 1767 commercia
339 1691 393 1765 eis
407 1684 643 1789 prascripnsse
659 1712 672 1758 r
688 1688 811 1785 Purrp
827 1687 865 1761 in
879 1685 955 1789 sep·

100 1788 192 1868 rima
216 1784 325 1865 Caini
347 1787 585 1891 generatione
617 1804 714 1864 artes
743 1785 845 1875 illas,
872 1807 953 1883 quae

98 1882 310 1987 reipublicae
326 1885 579 1961 conservande
605 1887 852 1981 augendaque
877 1882 955 1957 usui

99 1984 263 2077 maxime-
291 1980 408 2061 solent
430 1980 520 2071 effe,
546 1983 715 2059 inventas
739 1975 839 2053 fuisse
858 2003 879 2050 a
896 1979 956 2053 tri-

96 2080 170 2162 bus
184 2081 360 2156 Lamechi
377 2079 481 2169 filiis,
507 2081 604 2155 inter
620 2094 718 2175 quos·
729 2075 929 2151 Tubalcain
939 2127 953 2166 ,

88 2180 148 2262 'de
166 2203 241 2278 quo
254 2181 441 2278 Scriptura
459 2182 496 2255 S.
512 2178 630 2275 inquit
655 2177 674 2268 (
698 2183 742 2269 >a
771 2172 863 2249 Sella
875 2201 955 2280 quo·

145 2306 165 2361 e
176 2281 311 2453 {fauit
341 2273 557 2363 Tubalcnin,
581 2276 645 2378 qui
662 2201 744 2368 fluit
759 2273 955 2349 Malleator

99 2303 150 2463 ς’
210 2372 294 2454 aber
316 2380 356 2452 in
380 2375 503 2452 cunssa
531 2391 636 2476 opera
658 2378 743 2448 aris
775 2373 821 2450 ὅθ’
834 2374 956 2468 ferri.

100 2476 240 2579 Censet
261 2479 384 2573 itaque
405 2475 598 2574 Josephus,
626 2498 735 2569 quem
759 2472 955 2571 Villalpan·

90 2577 171 2657 dria
205 2574 244 2647 &
271 2573 332 2649 alii
359 2571 804 2672 sequuntur,Tubalca1'n
836 2593 955 2647 artem

64 2744 68 2751 .
100 2671 293 2754 ferrariam
316 2673 354 2747 δε
375 2674 534 2746 arariam
556 2671 716 2768 primurn
744 2667 954 2767 perfecisse,

100 2790 235 2879 utpote
259 2770 321 2867 qui
336 2771 480 2844 metalla
499 2768 675 2857 fundere,
700 2766 835 2843 malleo
853 2768 954 2841 didu-

101 2893 202 2961 cere,
221 2866 379 2944 formate
397 2892 440 2943 ac
459 2866 623 2966 exposite
636 2867 817 2951 docuerit,
842 2885 955 2958 atque
1014 2874 1017 2879 ’

101 2968 153 3050 ion
169 2971 206 3071 δι
220 2988 387 3044 rnouetaa
403 2967 463 3043 seu
478 2986 613 3039 numos
629 2965 789 3063 primurn
807 2959 954 3050 cudisie,

300 3124 301 3129 t
878 3076 956 3139 tan·

152 3163 224 3255 (p)
249 3165 331 3235 L.1.
343 3171 439 3257 antiq.
454 3183 521 3248 c.3.
565 3158 621 3246 (q)
645 3152 753 3252 Graes?
764 3178 799 3245 4.

543 3254 624 3354 Bo
