2136 3698
421 171 610 290 Historiae.
867 200 949 261 201
973 222 982 243 =

100 342 182 399 rum
199 317 343 396 cultum
368 318 452 396 ferri
476 322 579 407 solen
643 323 769 411 Athie
787 320 951 401 adduffls

80 420 288 495 ,humerisr
323 421 376 493 Ita
398 418 473 510 est,
509 420 663 518 probare
676 423 772 497 haud
790 420 952 521 possum,
1034 416 1042 445 ¹

102 519 383 593 immo-noxium
403 520 525 611 potius
551 518 621 592 esie
645 528 752 615 quam
773 518 862 594 utile
877 522 952 595 hoc

101 615 206 691 siudii
223 639 341 732 genus
362 608 433 693 esie
449 615 592 692 censeo.
642 618 702 691 Ad
724 621 802 693 hae
818 618 951 691 vixin·

103 716 353 831 dignationem
381 739 548 814 premere
577 708 753 813 Dynasia:
807 713 952 791 sublatis

101 815 187 889 dein
211 811 428 913 superciliisr
470 814 514 891 Et
542 835 607 886 cur
634 815 728 901 hoc,
766 813 842 900 ait,
875 834 951 887 tam

101 911 261 987 fidenter
281 910 424 986 asseris?
457 912 545 987 mihi
565 909 646 986 sane
662 911 885 1011 paradoxum
903 910 954 985 ui·

97 1012 224 1107 detur.
274 1012 373 1084 Tum
395 1007 545 1098 astensi
571 1007 681 1100 iicet,
714 1032 805 1108 pace
823 1024 887 1082 tua
905 1008 954 1081 di·
988 1030 994 1043 ’

102 1130 210 1197 eam,
253 1108 323 1183 Vir
342 1103 663 1196 Excellentiffime‚
715 1108 775 1183 sed
800 1104 955 1205 spatium

100 1206 319 1305 loquendia
344 1225 385 1281 te
407 1227 515 1306 peto:
553 1210 756 1306 Quumque
777 1201 956 1280 annuisset

101 1305 264 1394 iile,itic
277 1305 328 1377 ita
343 1302 444 1404 ioqui
468 1306 602 1400 cuupitr
624 1304 778 1381 inficiari
789 1328 858 1378 nec
870 1327 954 1403 pos·

101 1404 181 1499 sum
206 1425 277 1478 nec
297 1401 406 1492 volo,
442 1401 512 1477 esse*
534 1401 688 1499 plurima
710 1407 746 1479 in
763 1403 952 1493 Historiis,

103 1526 184 1603 qua
209 1499 371 1575 nobilem
391 1502 575 1588 animum,
611 1503 647 1575 dr
672 1506 717 1575 ad
746 1528 788 1577 ea
807 1525 886 1599 quae
907 1498 955 1574 le}

102 1605 158 1703 git
179 1618 387 1687 attentum,
424 1600 472 1673 ad
506 1598 688 1675 scientiam
720 1601 758 1676 δι
779 1602 955 1675 virtutem

102 1700 273 1784 erudire,
307 1722 329 1772 a
352 1697 449 1771 vitiis
474 1720 564 1771 vero
587 1720 630 1773 ac
649 1701 770 1797 pravis
793 1696 955 1774 moribu's

102 1799 289 1893 abducere
305 1795 459 1892 possunt.
508 1793 599 1869 lliud
623 1815 746 1873 tamen
768 1799 890 1871 mirari
911 1795 956 1870 sa·

103 1898 152 1972 tis
174 1919 250 1971 uun
263 1890 425 1993 possum,
476 1919 522 1968 ua
539 1896 780 1982 rationefiat,
810 1913 854 1966 ut
868 1895 959 1966 dum

103 1996 263 2071 maxime
286 1995 360 2073 huc
376 1919 495 2068 secuso
519 1991 640 2067 feruet
658 1992 813 2067 studium
839 1988 956 2080 isiud,

105 2112 183 2169 tam
234 2091 315 2166 auci
340 2090 530 2179 meliores,
568 2113 663 2188 pene
685 2091 838 2165 dixerim
862 2088 959 2189 peio-

106 2214 209 2267 rese
249 2192 415 2278 ciuntur,
447 2211 493 2262 ac
526 2185 676 2264 fuerunt
698 2207 808 2280 ante,
847 2200 959 2288 quam

107 2291 177 2364 hac
191 2289 230 2363 in
245 2288 404 2439 palaestra
423 2285 600 2381 juventus
615 2290 864 2366 exercebatur.
914 2288 960 2361 Et

57 2442 60 2455 ,
132 2387 233 2463 uidni

108 2412 265 2586 iegimus
290 2484 329 2560 in
365 2482 510 2561 historia
566 2484 691 2571 resana
708 2534 726 2575 ‚1
764 2488 960 2584 Spartanos

110 2583 251 2689 prolem
269 2581 366 2657 suam
385 2585 488 2658 vario
514 2509 743 2680 asperitatum
760 2607 893 2685 genere
914 2583 961 2657 ad

111 2683 258 2758 virtutis
283 2679 321 2755 &
352 2680 575 2757 fortitudinis
603 2682 743 2757 cultum
770 2679 960 2757 erudiisse:

112 2781 209 2857 uude
221 2775 410 2879 spartana·
415 2780 630 2882 patientia.-
653 2782 742 2878 quin
769 2782 807 2854 δι
837 2802 964 2877 paren·

113 2895 167 2957 tes
192 2878 347 2953 nimium
374 2880 441 2953 suis
476 2876 705 2976 indulgentes
730 2878 852 2952 liberis
870 2872 964 2954 insa·
1045 2910 1048 2915 ·

116 2987 195 3053 miae
221 2969 419 3053 nota'casti
444 2973 537 3050 asse:
581 2978 786 3050 Romanam
807 2977 965 3072 Rumpu·
1019 3026 1026 3037 =

58 3168 68 3177 ι
117 3075 244 3153 blicam
265 3072 394 3151 stetisse
410 3003 574 3162 sigrmam,
600 3075 774 3173 quamdiu
792 3074 963 3165 juventus

119 3176 161 3250 ad
180 3177 294 3255 ardua
319 3175 357 3254 δι
378 3172 488 3255 sortia
512 3170 605 3350 {aleia
625 3170 892 3278 stimulabaturr
927 3191 977 3352 ap

574 3289 601 3368 5
645 3294 655 3311 “
890 3286 941 3382 90

296 2407 338 2459 ut
361 2387 407 2464 ab
425 2386 496 2460 hae
512 2385 584 2485 ipsa
601 2385 794 2483 iuventute
816 2387 959 2477 ordiar,
