2136 3698
449 170 665 292 Hr'storicer.
918 200 981 299 57

115 319 231 423 gestas
259 335 342 395 tum
368 316 485 397 sacras
514 341 594 399 tum
627 319 799 424 pronun
829 328 979 407 erudito

115 423 257 498 calamo
277 418 476 520 descriptas
503 422 586 497 serae
604 423 803 523 posteritati
823 425 977 525 relique-

113 540 223 610 runt,
251 541 299 594 eo
323 520 454 616 majori
481 519 553 596 fide
578 522 614 594 di
641 525 700 613 ni,
723 546 799 620 quo
822 522 977 602 sanctior

111 615 474 710 illuminarat,
498 643 573 720 quo
591 545 641 692 a}
659 619 885 699 nabendum
910 625 976 699 im·

109 717 199 820 pulsi
221 715 397 806 fuerunt,
424 740 575 817 quoque
596 727 714 817 magia
733 743 857 799 rerum
882 722 976 797 veri-

109 836 228 892 tatem
243 814 306 923 ipsi
316 814 376 891 vel
392 813 510 891 oculis
524 815 767 916 usurparunt,
789 817 852 896 vel
864 844 886 895 a
899 818 975 896 fide

109 915 233 1017 dignis
275 916 544 989 narrationibus
590 933 830 1013 exceperunt.
914 919 976 993 Ad

107 1013 297 1114 Europam
313 1013 414 1109 quod
432 1014 586 1100 adtinet,
611 1014 801 1118 hahemus‘
816 1012 976 1091 Alexan·

108 1116 164 1186 dri
189 1113 332 1187 Donati
356 1114 512 1187 Romam
536 1128 705 1191 veterem
731 1114 770 1190 &
794 1115 945 1189 Novam
958 1160 973 1204 ,

54 1244 58 1315 ρ
105 1213 271 1287 Andreae
300 1211 444 1289 Schotti
468 1233 525 1285 rea
557 1213 763 1299 Romanas,
786 1210 973 1288 Athanasii

104 1309 285 1389 Kircheri
315 1329 423 1384 vetus
454 1310 627 1400 Latium,
660 1311 811 1410 Joannis
842 1310 972 1388 Biffelii

102 1413 289 1489 Romana
305 1407 525 1507 Reipublicae
548 1428 672 1486 ortum
697 1410 735 1485 &
758 1410 972 1500 interitum,

99 1506 369 1588 Barthoiornaei
395 1508 450 1583 Ro
476 1507 527 1581 ati
555 1530 710 1608 regnum
733 1509 973 1600 Gothorum,

100 1604 289 1687 Francisci
304 1607 445 1680 Araniae
495 1605 681 1682 usitaniam
695 1656 709 1695 ,
734 1608 859 1707 Jacobi
875 1607 972 1686 Gor·

100 1708 198 1787 doni
214 1704 406 1779 Lesmorei
415 1705 636 1779 Britanniam
647 1754 659 1791 ‚
671 1706 851 1784 Edmundi
862 1708 974 1784 Cam·

99 1801 210 1912 piani
226 1805 548 1882 Commentarium
573 1803 621 1879 de
640 1805 837 1894 Hibernia,
865 1806 973 1902 Joan·

66 1974 69 1979 .
99 1907 163 1983 nis
180 1903 360 1980 Marianae
376 1901 559 1977 historiam
575 1903 622 1980 de
641 1905 751 1979 rebus
770 1904 975 2000 Hispania,

98 2003 257 2103 loannis
276 2001 449 2101 Stephani
463 2003 604 2077 Tatant
619 1998 780 2076 Annales
799 1999 973 2089 Franciae,

99 2099 258 2183 Nicolai
274 2099 419 2175 Cauiini
438 2097 620 2175 historiam
635 2097 875 2189 Saxonicann
899 2101 974 2176 An·

100 2201 181 2306 geli
206 2197 369 2273 Gallucii
391 2197 580 2296 Belgium,
612 2198 771 2275 Andreoe
795 2199 973 2275 Brunneri

101 2295 275 2379 Annales
301 2299 453 2384 Boicos,
486 2293 637 2390 Joannu
669 2295 800 2372 Nadasi
824 2298 911 2374 Hun
939 2321 974 2372 a·

52 2396 57 2533 ἑ
101 2394 554 2574 ramniu}
584 2320 974 2575 unuani}

291 2541 305 2583 θ
545 2573 550 2581 .
958 2542 973 2586 2

52 2602 54 2611 '
107 2593 336 2681 Livonicas,
368 2591 622 2682 Moscoricas,
662 2590 972 2682 Tranfilvanicas,

105 2692 210 2774 Petri
237 2689 479 2768 d'Ontteman
508 2691 738 2789 Byzantinos.
788 2691 847 2765 De
877 2689 974 2787 Asta

105 2790 236 2892 regnis
255 2790 294 2865 ἃ
309 2788 431 2864 insulis
449 2807 662 2863 memoratu·
678 2789 788 2889 digna
807 2791 974 2886 prodidu·

107 2910 230 2970 runt:
274 2886 482 2963 Alexander
513 2887 561 2961 de
593 2889 743 2962 Rhodes
777 2889 823 2959 de
857 2909 972 2989 regno

107 2984 376 3077 Tunchinunfi,
402 2986 449 3060 de
465 2984 713 3071 Cocinchina‚
740 2982 973 3154 deJafonia,

111 3091 157 3164 de
169 3084 319 3166 Perna:
360 3085 542 3160 Adrianus
564 3083 721 3157 Crucius
747 3082 785 3157 δι
806 3082 973 3183 Aoyfius

110 3185 361 3268 Dulcrbenius
384 3185 432 3265 de
450 3183 558 3355 10st
566 3180 807 3374 jineofibusr
833 3182 977 3366 Frasrggig
