2136 3698
312 256 315 261 ·
412 185 604 306 quorfae.
873 222 930 312 93

71 387 96 433 „
122 339 227 415 mnia
239 338 334 417 duo‘s
351 362 483 442 parvos
495 364 541 417 ex
550 340 685 423 Mattio
703 339 796 418 iiiior
807 340 930 423 fecum

68 452 109 532 ,‚'
125 441 270 514 ducens
287 440 324 513 in
335 439 612 516 mstrahostium
626 445 745 529 irent,
770 443 931 539 &quam

68 589 96 631 ‚‚
124 539 239 612 armis
260 538 344 613 Viri
367 537 567 614 defendere
600 541 726 615 urbem
748 564 822 615 non
846 566 928 641 poa·

67 685 94 728 ,‚
122 636 228 726 fent,
277 635 448 712 mulieres
480 637 650 734 precibus
684 637 927 741 lacrymisque

68 732 383 826 „defenderent
456 738 527 811 Ubi
556 737 601 807 arl
631 734 926 818 cainaeorum

68 882 95 924 „
119 834 199 922 eli,
241 836 527 932 nunciatumque
549 831 771 920 Coriolano,
807 836 927 915 adello

66 979 95 1023 „
119 934 253 1032 ingens
280 930 475 1006 mulierum
503 952 657 1031 agmen:
709 933 849 1028 primo,
884 954 926 1009 ut

65 1078 94 1123 ‚,
121 1033 185 1130 qui
219 1053 288 1104 nec
327 1029 471 1129 publica
503 1028 685 1124 majellate
712 1030 748 1102 in
773 1028 924 1129 legatis,

64 1175 94 1219 „
120 1149 193 1202 nec
216 1129 253 1200 in
272 1127 520 1204 'sacerdotibus
545 1148 647 1202 tanta
670 1125 784 1203 offusa
808 1127 926 1203 oculis

64 1272 93 1315 „
119 1229 318 1322 animoque
334 1226 509 1325 reiigione
524 1246 648 1300 motus
666 1225 778 1314 eiset,
797 1226 923 1301 multo

10 1364 13 1376 ·
63 1372 92 1416 ,‚
116 1323 331 1403 obstinatior
365 1326 534 1400 adversus
580 1325 757 1423 iacrymas
794 1324 922 1403 mulie·

63 1472 91 1515 ‚,
118 1421 204 1498 bres
228 1443 319 1505 erat.
378 1424 472 1499 Dein
498 1423 726 1499 familiarium
749 1427 922 1522 quidam,

62 1569 89 1612 „
118 1524 183 1623 qui
205 1520 378 1623 inignem
398 1521 567 1597 mtaiiitia
590 1523 684 1597 inter
696 1540 844 1597 ceteras
862 1546 922 1599 co·

61 1666 87 1711 ,‚
114 1641 300 1722 gnoverat
325 1623 539 1711 Veturiam,
576 1623 669 1694 inter
686 1622 830 1694 Nurum
847 1624 923 1711 Ne-

60 1767 87 1811 „
104 1738 297 1818 'potesque
330 1719 501 1796 stantem:
526 1719 593 1794 nili
608 1741 668 1794 me
685 1716 920 1808 frustrantur,

61 1863 89 1908 „
115 1818 257 1917 inquit,
296 1817 418 1909 ocull,
465 1822 588 1894 Mater
617 1818 682 1892 tibi
712 1822 922 1914 conjuxque

61 1962 88 2006 „
115 1919 155 1993 dr
175 1917 281 1992 liberi
304 1917 449 1992 adsunt.
516 1915 733 1992 Coriolanus
748 1940 864 2012 prope
880 1936 923 1990 ut

61 2060 88 2106 „
114 2038 243 2090 amens
271 2013 549 2103 consternatus,
583 2016 628 2087 ab
653 2012 735 2086 fede
761 2012 818 2086 lua
834 2035 921 2087 eum

61 2159 87 2203 ,‚
115 2111 230 2190 ferret
254 2114 364 2189 Matri
383 2117 499 2190 obviae
519 2113 750 2212 amplexum,
789 2110 922 2188 mulier

61 2257 89 2302 „
114 2214 154 2286 irr
182 2214 273 2286 itam
299 2236 346 2288 ex
371 2215 539 2306 precibus
558 2210 677 2285 versa:
716 2213 799 2286 Sine
821 2215 920 2310 prius

60 2354 88 2399 „
113 2334 228 2408 quam
258 2309 492 2409 complexum
520 2313 680 2480 accipio,
726 2311 832 2383 fciam
868 2313 920 2386 iu·

58 2453 88 2498 ‚,
114 2409 217 2506 quit,
246 2412 291 2481 ad
308 2409 445 2484 hostem
463 2435 515 2506 an
531 2412 577 2482 ad
622 2410 707 2480 lium
730 2412 917 2482 venerimr

59 2550 88 2595 „
115 2509 285 2605 captiva,
319 2530 503 2598 materne,
545 2505 726 2580 incastris
751 2505 823 2580 sun.
876 2509 918 2582 in

58 2649 88 2692 ‚,
117 2606 192 2678 hoc
207 2628 269 2679 me
288 2604 348 2681 lon
376 2609 487 2680 avita
507 2607 544 2680 dr
562 2603 687 2678 infelix
700 2601 918 2678 seneliatra·

59 2747 87 2793 ,‚
114 2698 204 2792 xit,·
222 2699 276 2813 pr·
291 2630 435 2781 saniem
462 2725 521 2792 te,
553 2703 694 2778 «deinde
715 2701 852 2776 hostem
867 2708 916 2776 vi·

60 2845 88 2890 ,‚
112 2803 264 2891 detem3
291 2802 618 2902 potuistipopuiari
649 2804 743 2874 harre
759 2821 916 2887 terram,

59 2945 86 2987 ‚‚
113 2923 197 2999 quar
221 2918 261 2974 te
280 2903 408 3001 genuit
431 2921 541 3001 etque
574 2898 687 2973 aluit?
721 2920 794 2970 oon
826 2895 917 2986 tibi,

59 3043 87 3086 ‚‚
112 2998 281 3098 quamvis
306 2990 436 3076 infesto
454 3002 589 3074 'animo
618 2997 655 3070 dt
683 2996 814 3068 minaci
840 3020 918 3091 per·
965 2994 969 3001 '

60 3142 88 3184 ,‚
115 3121 302 3184 veneras,
336 3099 554 3199 ingredienti
574 3095 664 3170 fines
691 3094 742 3168 ira
759 3097 917 3170 cecidit?

60 3241 88 3286 rr
113 3220 191 3297 uon
210 3219 298 3274 curn
314 3197 352 3272 in
371 3196 566 3302 'conspollu
588 3197 706 3272 Roma
721 3193 809 3280 fuit,
845 3193 916 3268 soc·

445 3308 448 3313 ⁴
803 3315 920 3388 „eur-
