2136 3698
114 189 118 196 '
256 204 263 219 ¹
391 172 640 268 Mariorum.
877 186 943 302 ,67
1019 264 1022 269 ,

82 319 142 399 vel
194 344 236 399 ro
262 323 343 397 rudi
368 324 475 398 maiia
500 328 663 426 argenti,
695 327 756 407 seu
782 354 822 407 ar
847 353 938 409 ento

81 344 245 511 inierim
271 421 318 495 fic
340 418 525 499 Abrabam
550 425 612 525 (q)
637 428 793 505 dicitur:
861 435 939 507 iver

81 520 184 599 ualde
206 520 251 598 'in
267 521 461 622 pnffi’fflone
482 528 569 598 auri
593 525 641 601 θ’
665 532 841 628 argenti,
877 529 938 606 vei
996 546 1000 555 “

106 645 151 725 rq
163 642 318 722 argento
335 623 489 722 ignaro,
509 646 551 697 ut
567 624 604 696 in
618 623 710 697 libro
725 628 839 703 Exodi
859 630 936 723 (r):

81 644 265 825 iriginta
280 718 389 815 stelas
418 724 577 823 argenti.
642 723 688 795 Et
719 724 882 817 Christus
914 752 937 803 e

81 820 173 921 Juda'
198 822 369 895 venditus
395 820 445 894 est
470 824 634 921 triginta
659 825 853 924 argenteis.
884 824 938 900 Hi

81 936 205 997 autem
242 920 425 1018 argentei
443 925 595 994 omnino
629 924 803 995 videntur
836 918 938 998 furis·

81 1014 151 1093 ficii
182 1015 271 1093 sacri
304 1016 430 1091 valere
463 1036 621 1114 quatuor
655 1019 938 1108 drachmarum,

81 1114 194 1215 quum
218 1116 329 1215 Judas
354 1117 521 1214 proditor
552 1120 599 1192 de
629 1118 751 1218 pretio
781 1116 847 1193 iiio
879 1118 941 1191 tri·

81 1216 179 1317 ginta
203 1234 461 1313 argenteorum
485 1218 703 1316 transegerit
728 1240 813 1295 cum
840 1216 939 1291 Prln·

81 1316 220 1413 cipibus
247 1316 503 1403 Sacerdotum‚
530 1316 574 1389 ad
599 1339 695 1414 quus
720 1312 815 1413 ipsos
841 1312 938 1416 post·

81 1416 234 1489 modurn
266 1415 488 1512 poenitentia
517 1411 645 1489 eunus
687 1417 784 1491 hanc
824 1412 938 1515 ipsam

125 1504 272 1591 buniam
290 1511 434 1600 retulit,
461 1524 570 1608 etque
594 1515 632 1587 in
656 1512 835 1611 tempium
854 1536 937 1611 pro·
1011 1514 1015 1523 “

136 1614 175 1685 it.
233 1611 347 1686 Fuere
372 1613 482 1709 igitur
514 1610 585 1684 ficii
618 1614 664 1686 ad
698 1611 824 1711 templi
854 1634 938 1686 aera·

81 1711 172 1785 rium
205 1712 457 1808 pertinentes,
493 1708 554 1784 seu
586 1733 607 1784 e
639 1710 734 1785 sacra
760 1712 937 1810 pecunia,

81 1808 183 1903 eujus
206 1808 367 1883 custodia
393 1831 504 1907 penes
521 1810 734 1885 Sacerdotes
761 1828 850 1886 arat.
882 1808 937 1901 Er

81 1932 153 2008 quo
180 1927 304 2002 patet,
330 1912 487 2004 pretium
514 1931 587 2001 quo
613 1909 777 1981 Christus
804 1908 939 2002 aJuda

81 2008 253 2081 venditus
287 2004 381 2092 fuit,
416 2026 550 2103 nempe
588 2024 645 2098 30.
668 1997 852 2100 argenteis
878 2000 939 2076 seu

81 2105 195 2191 ielis,
231 2103 334 2178 fuisse
364 2104 494 2202 viginti
527 2110 689 2200 quinque
715 2098 941 2176 florenorum

81 2203 356 2303 imperialium,
400 2204 627 2275 numerando
667 2201 789 2275 ficium
823 2216 939 2276 unum

81 2320 148 2403 pro
174 2304 456 2400 quinquaginta,
484 2320 525 2372 ut
552 2301 643 2389 dixi,
672 2301 881 2401 crucigeriS.

131 2402 241 2478 Mina
267 2403 325 2486 seu
350 2401 442 2475 Mna
467 2426 487 2473 a
512 2400 626 2477 verbo
654 2402 836 2479 Hebraico
859 2398 939 2474 Ma·
1048 2490 1052 2495 q

81 2502 131 2577 nri
155 2501 365 2587 derivatur,
409 2503 509 2599 quod
536 2524 613 2573 reru
640 2524 704 2598 per
730 2520 851 2595 partes
879 2498 940 2571 seu

81 2624 257 2675 numeros
283 2599 481 2674 subducere
513 2623 555 2673 ac
582 2598 789 2673 subtrahere
815 2592 940 2696 fignifi-

81 2719 154 2775 cat.
190 2700 372 2773 ‘Pecuniae
399 2697 505 2789 hujus
531 2698 670 2770 mentia
697 2695 859 2785 occurrit
886 2692 941 2765 sur-

81 2798 164 2898 pius
190 2799 228 2872 in
254 2799 290 2871 S.
317 2799 529 2892 Scriptura,
564 2796 618 2865 uti
645 2805 812 2866 trecente
836 2793 941 2864 mina

81 2900 170 2973 auri
191 2900 264 2990 (s).
319 2896 484 2996 Argenti
507 2915 605 2966 mnas
627 2887 692 2963 duo
718 2887 847 2970 millia,
897 2890 942 2983 Et
985 2969 987 2973 y

82 2997 180 3097 apud
190 2992 452 3091 Evangelistam
461 2993 587 3069 Homo
599 2985 801 3063 ilienobilis
815 2987 942 3100 abiens

124 3209 198 3298 (q)
230 3204 398 3298 Gerefiru.
442 3195 620 3370 (ἠέλῇα.ἱ
654 3197 717 3277 (r)
739 3184 927 3281 ausina·

903 3104 1014 3161 tn·
